2316 3786
39 31 1105 271 w

466 142 475 153 o
508 138 517 151 Ο

118 534 151 578 lv
493 525 683 570 federatio.

118 701 234 767 heiligen
249 700 363 765 Geistes5
383 699 438 751 uad
451 698 545 749 danem
558 699 626 748 stelit
644 715 673 748 er
691 698 759 748 aucte
773 697 808 748 da
822 696 902 748 cllein
916 703 972 751 und
984 719 1063 754 mter-

119 788 206 837 reiciet
210 824 218 851 ,
238 785 347 837 Meister
356 788 384 835 iat
397 786 483 834 sainct·
491 782 587 847 timot,
609 784 673 833 aber
687 784 802 833 erhchen
814 784 879 833 atter
892 782 934 833 die
943 789 1061 850 prosena

118 871 212 936 thfl·
232 867 776 934 otnedaiageruadolueeBdrgeri-eclttt“
793 896 828 906 -
846 869 936 933 ltaque
946 883 996 920 non
1007 872 1061 920 mi·

118 971 190 1017 rum,
210 963 298 1006 nostro
307 967 382 1014 aevo,
402 951 448 1003 uhi
457 951 489 1002 dc
498 952 576 1003 rebus
586 951 771 1019 philosophicis
782 959 809 1004 et
821 952 853 1003 de
863 953 1059 1019 quaestionibus

118 1042 254 1106 utriusque
269 1037 426 1103 reipublicae
438 1038 599 1102 gratissimis
612 1039 735 1089 acerrime
748 1045 938 1104 propugnatur,
964 1039 1060 1104 Spino-

118 1141 161 1178 zae
185 1123 375 1192 philosophiam
392 1129 517 1187 tanquam
536 1121 633 1174 iontem
652 1123 802 1190 primarium
821 1124 937 1188 depromi
958 1123 1060 1187 colique

118 1210 212 1262 recenti
223 1206 323 1267 labore,
343 1209 396 1258 imo
406 1208 437 1259 de
453 1208 570 1259 eiusdem
585 1210 700 1259 doctrina
714 1208 741 1257 in
756 1208 888 1258 nonnullis
901 1209 996 1274 patriae
1010 1223 1062 1258 no-

117 1303 184 1346 strae
193 1292 331 1344 academiis
340 1292 464 1343 lectiones
473 1291 562 1344 haberi
571 1292 724 1358 peculiares.
735 1294 760 1358 ¹)

173 1376 339 1429 Bernhardus
348 1377 531 1439 Tauehnitius,
551 1376 692 1443 bibliopola
702 1377 846 1443 lipsiensis
854 1377 1060 1442 laudatissimus,

120 1478 203 1530 quum
220 1477 312 1514 novam
333 1463 458 1529 Spinorae
476 1476 584 1530 operum
602 1462 742 1512 editionem
760 1476 849 1514 curare
871 1464 1060 1527 constituisset,

118 1563 184 1615 quae
193 1555 219 1599 et
227 1547 330 1599 modico
340 1548 422 1613 pretio
432 1546 554 1614 parabilis
564 1554 590 1596 et
599 1545 688 1597 eadem
698 1547 808 1612 eleganti
818 1546 913 1610 forma,
933 1551 1063 1612 quascri·

116 1642 204 1702 ptores
217 1632 361 1698 Anglorum
377 1633 500 1683 classicos
515 1632 616 1699 prodire
629 1633 680 1683 iam
697 1634 822 1693 iusserat,
842 1641 929 1684 ornata
947 1634 1062 1684 uirorum

118 1720 252 1771 doctorum
276 1717 412 1769 desideriis
434 1717 615 1783 responderet,
644 1718 767 1769 orationis
791 1719 1013 1783 recognoscendae
1036 1728 1062 1770 et

115 1804 248 1873 praetendi
257 1805 390 1870 negotium
399 1802 431 1852 ad
440 1816 482 1852 mo
492 1801 598 1863 detulit,
619 1817 696 1866 quem
706 1803 769 1853 satis
778 1802 845 1853 hanc
854 1803 886 1854 ad
897 1818 950 1854 rem
962 1804 1062 1854 instru-

117 1897 187 1942 ctum
205 1896 352 1956 cognosset.
389 1888 496 1938 Exstant
513 1887 618 1951 quidem
634 1888 714 1937 nostri
727 1888 824 1938 saeculi
840 1888 968 1940 editiones
983 1889 1058 1949 duae,

115 1991 227 2041 qnmum
245 1976 316 2042 prior
329 1974 437 2024 ilenrici
450 1973 548 2022 Eteri.
566 1973 694 2022 Aenotliei
707 1973 801 2034 Pauli,
821 1973 933 2039 theologi
952 1975 1061 2025 lleidel-

116 2061 265 2127 hergensis,
285 2059 382 2112 volum.
398 2056 502 2109 duobus
516 2059 592 2108 lenae
605 2057 701 2122 prodiit
713 2073 737 2108 a.
752 2059 827 2109 18⁰2.
843 2065 869 2110 et
881 2059 1001 2124 istst),
1021 2059 1060 2109 al-

118 2154 171 2199 tera
186 2148 267 2199 estat.
281 2145 419 2211 Gfroereri
428 2142 657 2208 stuttgardiensis,
678 2142 918 2211 „philosophorum
935 2144 1058 2195 laudatis-

16 2277 20 2284 .
116 2233 242 2284 simorum
252 2230 339 2298 quiah
350 2230 535 2281 restauratione
544 2228 677 2279 literarum
692 2227 723 2278 ad
733 2230 858 2280 Kantium
872 2245 956 2296 usque
972 2231 1059 2295 vigue-

115 2324 178 2367 runt
187 2330 264 2381 opera
274 2316 394 2368 selecta“
410 2315 519 2376 edituri,
538 2315 615 2366 cuius
625 2313 784 2366 collectionis
799 2323 862 2366 tom.
874 2318 923 2366 lll.
936 2317 1060 2383 Spinozae

116 2415 195 2466 opera
203 2400 383 2466 philosophica
392 2401 515 2451 continet.
525 2401 550 2464 ⁶)
588 2401 701 2463 Utraque
710 2415 767 2451 uera
777 2400 856 2451 editio
866 2416 918 2452 non
933 2401 982 2451 nisi
995 2401 1060 2450 satis

114 2499 209 2551 magno
218 2486 300 2551 pretio
310 2491 351 2536 est
359 2483 545 2551 comparanda,
565 2491 673 2548 utraque
688 2499 766 2550 super
781 2487 996 2551 exspectationem
1011 2498 1061 2533 no-

115 2578 196 2623 stram
206 2577 287 2621 scatet
295 2571 364 2621 titiis
378 2568 478 2620 multis.
516 2571 547 2618 ln
561 2568 623 2619 solis
638 2570 772 2635 principiis
787 2568 964 2636 philosophiae
976 2575 1004 2619 et
1013 2583 1061 2635 ap-

116 2656 225 2723 pendice
243 2655 313 2721 apud
326 2654 436 2705 Paulum
454 2653 517 2704 haec
532 2651 679 2712 σφάλματα
693 2653 924 2720 deprehendimus,
949 2669 1060 2719 quorum

116 2740 271 2807 plerumque
292 2739 411 2790 Glroorer
428 2733 585 2805 pedissequa
604 2736 666 2789 luit:
703 2740 764 2804 Peg.
784 2739 827 2790 tt.
847 2739 894 2790 lin.
916 2741 957 2791 tt.
977 2743 1060 2789 citato

114 2825 173 2877 luco
183 2841 207 2877 v.
219 2829 300 2889 citat,·
310 2839 369 2891 pag.
381 2823 423 2876 tt.
435 2822 454 2874 l.
463 2825 507 2876 21.
516 2839 594 2890 prop.
606 2823 631 2873 7.
643 2823 700 2875 loco
705 2840 784 2891 prop.
793 2825 849 2886 tt.;
861 2841 920 2892 pag.
932 2827 974 2876 ot.
986 2823 1004 2874 l.
1016 2826 1060 2876 35.

118 2962 288 2976 m

166 3053 188 3104 t)
207 3052 234 3096 Ε.
246 3063 266 3096 e.
279 3048 347 3094 Thilo
357 3052 477 3108 proiessor
487 3050 672 3097 liratlslatiensis
682 3053 737 3096 anni
748 3054 804 3094 tuit.
816 3052 923 3096 semestri
933 3050 1022 3096 aestivo
1032 3050 1061 3094 de

117 3111 215 3169 spineta
227 3111 324 3168 eiusque
334 3116 459 3166 systemate
468 3123 494 3156 ae
503 3112 611 3168 privatim
621 3111 793 3167 disputaturum
805 3123 857 3156 esse
867 3110 956 3155 indixit.

168 3174 189 3223 5)
209 3170 265 3216 hen.
280 3171 309 3214 de
324 3171 423 3226 Spinoaa
438 3171 514 3228 Opera
535 3183 597 3227 quae
611 3178 738 3226 supersunt
751 3171 837 3215 omnia.
866 3169 954 3216 lterum
969 3170 1060 3214 ederada

117 3231 218 3285 curavit,
238 3229 411 3287 praelationes,
430 3232 501 3275 vitam
512 3231 626 3286 auctoris,
642 3241 685 3274 nec
695 3241 741 3275 non
751 3229 858 3282 notitias,
873 3241 935 3286 quae
945 3231 973 3274 ad
985 3230 1061 3273 histo-

117 3290 176 3336 riam
190 3291 330 3345 scriptorum
345 3291 472 3346 pertinent,
489 3289 579 3335 addidit
588 3287 617 3332 li.
628 3289 655 3332 tt.
669 3287 697 3331 e.
707 3288 797 3332 Paetus
812 3287 883 3334 theol.
897 3290 960 3345 proi.
973 3287 1060 3333 lenen-

116 3347 159 3394 tls.
177 3347 228 3394 Vol.
240 3349 259 3392 l.
271 3348 303 3393 tt.
323 3347 372 3393 len.
385 3349 443 3393 teat.
455 3351 513 3392 teos.
532 3352 552 3392 b

167 3409 191 3459 a)
208 3407 265 3453 Ben.
277 3409 306 3454 de
317 3409 414 3466 Spinoza
425 3409 502 3464 Opera
528 3408 675 3465 hilosophlca
685 3410 764 3454 omnia
774 3407 846 3454 edidit
856 3413 879 3452 et
888 3407 1060 3464 praelationem

102 3465 230 3510 adiecitd.
246 3467 373 3525 cvjsroerer.
402 3421 630 3527 stuttgaeraetstt.
657 3471 678 3514 8.
