2316 3786
406 468 491 513 ms
513 468 547 515 ΙΙ.
911 476 953 537 57

351 679 598 743 extollite.

74 836 78 849 .
101 797 552 864 ltilxilinullaeauutprepxletatee.

74 878 85 927 l.
111 874 253 941 Quicquid
266 872 303 925 ab
318 872 409 939 aliqua
423 873 519 925 retolli
533 880 619 940 petest
632 889 662 926 ea
676 876 775 942 integra
788 891 948 943 remanente,

74 954 224 1005 xeaeeutiam
234 965 293 1001 nen
304 950 457 1001 constituit:
476 950 502 1001 id
516 957 618 1014 autem,
637 953 708 1017 quod
721 955 885 1007 slautexatur
894 972 949 1009 rem

85 1032 138 1083 tius
146 1029 301 1081 essentiam
313 1026 458 1077 constituit.

74 1109 93 1158 l.
125 1108 156 1157 ln
172 1105 278 1156 duritie
292 1101 361 1153 nillil
375 1102 447 1153 aliud
459 1117 553 1153 sensus
567 1101 643 1154 uobis
652 1104 758 1166 indicet,
778 1120 826 1156 neo
835 1107 906 1157 uliud
916 1108 949 1158 de

74 1183 124 1235 lare
139 1188 167 1233 et
180 1181 316 1231 distincta
333 1177 517 1244 intelligimus,
538 1192 615 1243 quam
631 1178 701 1244 quod
719 1188 805 1248 partes
822 1181 948 1233 durorum

74 1274 125 1311 rum
132 1257 222 1309 motui
234 1269 367 1306 manuum
377 1261 523 1305 nostrarum
533 1256 665 1305 resistunt.

74 1338 88 1385 Ι.
119 1334 150 1385 Si
163 1334 221 1384 duo
237 1343 350 1396 corpora
365 1329 399 1381 ad
411 1332 520 1381 invicem
534 1330 672 1393 accedant,
691 1330 731 1382 vel
743 1330 894 1383 abinvicem
905 1347 948 1384 re-

75 1419 95 1471 t,
113 1424 168 1461 non
178 1408 246 1460 ideo
256 1408 345 1457 maius
354 1413 399 1457 aut
409 1407 494 1458 minus
504 1408 615 1472 spatium
626 1406 800 1474 occupabunt.

74 1526 76 1535 .
107 1484 332 1543 Parsmateriae
352 1482 487 1533 sit'eeedat
501 1484 677 1545 sineresistat‚
698 1497 750 1534 non
759 1482 818 1535 ldee
828 1489 947 1535 naturam

74 1563 225 1616 risamittit.

74 1643 87 1691 l.
122 1640 237 1696 Motus,
258 1635 350 1701 quies,
370 1633 449 1698 ligura
459 1641 484 1684 et
493 1635 587 1687 similia
597 1650 649 1687 eon
659 1642 769 1703 pessunt
779 1635 880 1703 eeneipl
890 1637 947 1687 sine

74 1730 149 1767 xerxe.

74 1794 102 1843 ll.
142 1789 219 1840 [ltro
231 1786 344 1837 sensiles
353 1786 489 1851 qualitates
496 1787 560 1837 nihil
570 1795 684 1839 remanet
694 1790 719 1838 in
731 1802 836 1854 corpore
846 1796 947 1853 praeter

74 1870 172 1919 nonem
188 1871 214 1915 ct
231 1865 292 1914 eius
306 1862 454 1914 allectione-s
467 1865 492 1913 in
503 1867 605 1929 portel.
617 1864 877 1930 principioxomplnil.
889 1878 947 1914 me-

74 1952 117 1995 les.

74 2022 119 2071 ΙΙΙ.
159 2020 252 2069 l'num
263 2017 377 2081 spatium
393 2016 445 2066 sixe
455 2017 567 2067 extensio
577 2016 662 2081 aliqua
673 2030 724 2066 neu
734 2022 820 2081 petest
829 2029 887 2066 esse
896 2030 948 2065 una

74 2100 157 2151 nator,
177 2093 332 2159 qunmalia.

74 2172 102 2221 i.
134 2172 234 2222 Omnis
245 2170 360 2218 extensio
370 2167 446 2218 dix-idi
456 2175 548 2232 petest,
568 2168 659 2218 saltem
670 2167 832 2232 cogitatione.

74 2246 102 2295 ie
113 2251 222 2297 ueritate
240 2247 319 2293 tertius
333 2247 476 2294 orientatis
494 2259 580 2307 neme,
601 2246 649 2309 qut
664 2242 792 2291 elemento
804 2241 950 2292 anathemes

74 2322 225 2375 mettere.
247 2321 363 2369 dixerint.
400 2320 519 2385 Spatium
535 2323 603 2369 enim
618 2321 710 2370 (letum
719 2320 790 2367 inter
799 2321 950 2383 tangentem

74 2400 164 2449 reulum
175 2399 294 2463 infinitis
303 2397 365 2445 olix'e
379 2397 485 2445 circulis
499 2398 644 2445 necatoribus
653 2394 737 2445 (lividi
745 2400 948 2462 semperpetert.

74 2477 85 2525 l
90 2476 156 2527 idm
166 2478 252 2525 etiem
264 2489 300 2521 eo·
308 2472 465 2538 hyperbolae
475 2475 630 2538 neymptetx's
636 2477 721 2537 patet.

74 2554 91 2603 i.
124 2554 211 2603 xeno
222 2550 289 2599 lines
299 2548 408 2598 alieuius
423 2549 579 2599 extensionis
593 2549 645 2599 sixe
655 2549 730 2614 spatii
745 2549 879 2615 concipere
890 2556 952 2613 pot-

79 2630 128 2680 nisi
146 2626 229 2680 simul
249 2624 318 2675 ultra
336 2625 408 2689 ipses
423 2624 471 2674 alia
486 2625 568 2689 spolio
583 2623 632 2674 heo
649 2625 797 2677 immediate
816 2626 951 2691 sequentia

74 2707 142 2771 iniat.
517 2752 520 2757 .

74 2780 106 2831 ll.
142 2782 168 2831 st
189 2778 298 2829 moterlo
317 2777 353 2826 sit
371 2774 516 2839 multiplex,
537 2790 621 2840 nequo
639 2790 691 2827 una
709 2776 784 2827 aliam
804 2776 951 2827 immediate

74 2857 102 2915 it,
120 2867 294 2920 unaquaeqne
310 2852 455 2901 necessario
470 2849 519 2901 sub
534 2851 643 2913 finibus,
664 2853 729 2902 ultra
739 2866 805 2918 quos
815 2867 865 2903 nen
877 2853 953 2903 detur

74 2934 125 2994 ria,
144 2929 387 2997 comprehenditur.

74 3008 119 3059 ΙΙΙ.
153 3008 337 3060 Minutissima
355 3017 459 3069 corpora
475 3003 547 3054 tacite
565 3005 647 3054 metui
666 3019 789 3055 manuum
808 3012 953 3057 nostrorum

74 3092 111 3135 tot
362 3114 364 3118 ι

74 3161 128 3213 illl.
167 3163 256 3213 linum
271 3157 389 3223 spetlum
408 3154 478 3204 uliud
496 3156 608 3220 spatium
625 3170 676 3205 nen
690 3162 818 3222 penetret,
839 3170 886 3207 nee
901 3168 954 3204 una

74 3241 214 3301 natusest,
236 3248 320 3300 quaxn
330 3231 392 3282 alla.

74 3316 121 3367 llil.
160 3316 188 3367 st
199 3307 385 3366 canalisAsil
395 3307 510 3358 eiusdem
519 3306 702 3372 longitudinis,
722 3308 791 3367 ecc,
811 3305 954 3371 uthuplo

74 3408 88 3455 '‚
105 3410 183 3462 qum
199 3393 242 3447 Α,
264 3394 293 3437 et
308 3384 397 3448 aliqua
412 3385 515 3434 moterlo
530 3382 608 3433 tluida
623 3383 703 3448 duple
720 3382 829 3434 celerius
844 3388 957 3439 transeut
