2316 3786
503 498 586 543 rsus
604 497 638 544 11.
889 492 896 499 '
1004 503 1045 560 gg

105 676 289 743 pettipipotast.
326 676 401 741 Ergo
411 676 472 741 (per
480 687 520 724 ιι.
535 672 589 738 ll.)
603 688 655 724 nou
669 683 709 727 est
721 675 869 742 multiplex,
888 677 935 728 sed
945 677 1044 744 ubique

113 752 303 819 urumque.
341 750 425 813 Quod
434 757 489 803 erat
498 749 655 801 secuudum.

151 826 258 881 atuor„
298 829 452 891 fluensque
467 826 501 877 de
514 832 604 876 natura
618 827 671 879 siro
685 828 797 879 essentia
815 829 973 880 extensionis
987 832 1044 895 egi-

115 914 162 953 ι
191 905 270 968 Quod
280 912 374 956 autem
386 903 461 964 talis,
481 901 585 967 qualem
593 901 664 953 illam
674 904 852 969 concipimus,
871 905 951 956 sileo
960 916 1044 957 ereata

112 980 192 1041 nient,
207 981 397 1049 propositione
410 978 503 1030 ultima
513 977 699 1045 primrepartis
709 980 957 1041 demonstrauimus;
976 989 1001 1032 et
1015 996 1045 1033 er

108 1058 211 1123 moeit.
232 1058 277 1113 ¹2.
298 1057 403 1125 primae
422 1056 503 1121 partis
520 1055 647 1119 sequitur,
667 1070 737 1106 nunc
756 1055 863 1106 eandem
883 1056 974 1108 eadem
993 1071 1045 1122 que

107 1141 173 1185 suta
184 1142 223 1187 est
236 1134 361 1202 potentia
376 1131 532 1183 conserturi.
568 1132 668 1183 Deinde
682 1133 758 1183 etium
773 1132 863 1183 eadem
876 1133 968 1183 ultima
981 1148 1046 1200 pro-

58 1130 65 1275 ἰ
106 1211 254 1279 perpernae
263 1210 351 1276 partis
362 1208 611 1267 demonstravimus
624 1222 685 1269 uos,
701 1215 829 1273 quatenus
839 1223 880 1260 res
889 1210 1042 1274 cogitantes

107 1287 177 1339 deos
192 1302 251 1340 ue
271 1286 344 1355 parti
364 1283 444 1334 aliem
461 1284 538 1335 istius
555 1285 690 1344 materiae,
714 1286 790 1335 cuius
808 1299 856 1350 ope
873 1286 1041 1352 percipimus,

108 1360 215 1416 briaetn
228 1376 330 1415 omues
346 1359 407 1411 illas
424 1360 591 1421 variationes,
611 1374 721 1424 quorum
735 1374 764 1411 er
776 1360 830 1411 sola
844 1363 965 1414 materiae
978 1377 1045 1414 con-

107 1440 255 1507 uplrtione
264 1452 328 1491 earu
338 1438 440 1487 scimus
449 1450 508 1488 esse
518 1450 651 1503 capacem,
670 1438 709 1487 uti
718 1441 780 1487 sunt
789 1436 965 1500 divisibilitas,
985 1454 1044 1490 mo-

108 1516 242 1576 Bloral'm,
263 1516 323 1567 sire
333 1514 456 1578 migratio
465 1513 545 1564 unius
553 1514 633 1579 partis
642 1527 671 1564 er
679 1526 733 1563 uno
743 1511 800 1562 loco
810 1514 836 1563 iu
850 1514 943 1575 alium,
965 1529 1043 1580 quum

110 1591 158 1645 fflre
174 1599 199 1645 et
220 1592 353 1643 distincte
371 1588 545 1656 percipimus,
569 1589 646 1640 modo
664 1588 852 1653 intelligamus,
876 1590 940 1642 alias
957 1599 1045 1657 portes

113 1671 251 1722 snutrein
266 1668 362 1719 lotum
376 1664 543 1731 migrantium
557 1664 705 1716 succedere.
742 1666 828 1731 Atque
844 1666 907 1718 baec
917 1666 1008 1718 divisio
1019 1674 1045 1718 ot

113 1754 176 1797 uns
188 1745 305 1797 intinitis
320 1741 436 1792 modisa
451 1739 529 1792 nobis
544 1742 738 1808 concipiuntur,
757 1755 787 1792 ac
801 1743 910 1808 proinde
928 1742 1044 1793 intinitno

112 1822 302 1873 tiammateriae
318 1818 474 1869 variationes
488 1818 588 1883 concipi
602 1824 721 1884 possunt.
758 1819 837 1880 Dico,
857 1833 901 1869 eas
920 1819 987 1870 clere
1002 1820 1045 1869 di-

112 1898 234 1964 ttineteque
244 1913 260 1948 u
271 1896 355 1947 uobis
365 1894 478 1959 concipi,
495 1907 573 1956 quum
582 1893 627 1944 diu
638 1908 731 1959 nempe
742 1895 811 1960 ipsus
822 1901 944 1959 tunquam
955 1904 1044 1946 erton-

112 1974 173 2026 iouis
188 1975 301 2033 modos,
333 1978 495 2021 nouantem
519 1976 639 2034 tanquam
661 1984 703 2020 res
725 1968 757 2020 ab
776 1971 924 2021 extensione
943 1971 1044 2021 realiter

58 2102 60 2107 ,
112 2046 222 2102 bsinrus
232 2048 417 2114 concipimus,
429 2053 457 2096 ut
468 2045 523 2096 tuse
533 2053 573 2096 est
581 2044 734 2111 explicatum
744 2047 854 2111 princip.
863 2045 927 2111 phil.
939 2054 1009 2111 purte
1020 2049 1042 2094 i.

58 2144 77 2179 .:
113 2120 249 2189 hominiis
266 2121 423 2191 philosophi
437 2122 502 2172 elios
514 2136 591 2187 quam
606 2122 693 2186 plures
708 2130 795 2172 motus
806 2122 946 2179 tinxerunt,
966 2121 1043 2171 nobis

58 2194 78 2339 εξ
115 2204 249 2254 hunnibil
259 2203 306 2253 nis
308 2198 402 2263 iquod
412 2197 478 2248 clure
492 2205 517 2248 et
532 2198 651 2249 distincte
665 2199 827 2263 concipimus
837 2195 1043 2257 admittentibus,

58 2296 74 2321 .
121 2276 266 2337 mundius
282 2284 386 2335 motus,
406 2281 505 2339 praeter
523 2272 639 2335 localem,
658 2274 833 2325 extensionem
852 2286 910 2323 esse
925 2287 1044 2339 cupecom

65 2348 331 2407 ‘theudistincte
342 2348 527 2415 intelligimus,
546 2365 593 2401 nee
608 2351 685 2402 etium
699 2348 851 2401 ullusulius
865 2349 915 2399 sub
930 2357 1044 2401 nostram

115 2426 307 2493 moenem
318 2427 399 2487 cudit,
408 2426 496 2476 nullus
504 2426 798 2491 etismprseterloculem
805 2426 1042 2478 eritadmittondus.

150 2508 238 2559 terum
259 2510 350 2561 zeno,
369 2510 400 2553 ut
417 2502 511 2559 icitur,
536 2502 635 2567 uoguiit
652 2509 752 2553 motum
771 2502 895 2565 localem,
914 2503 992 2568 idque
1011 2504 1044 2554 ob

110 2584 176 2635 varim
184 2587 318 2643 rationes,
339 2593 406 2645 quus
416 2579 545 2641 Diogenes
555 2580 667 2644 Cynicus
676 2592 724 2629 suo
735 2592 807 2629 more
816 2577 943 2641 refutavit
954 2579 1046 2630 doom-

109 2654 208 2711 bulaodo
222 2659 329 2711 scilicet
341 2670 388 2722 per
406 2654 531 2714 scholam,
551 2656 577 2704 in
590 2669 641 2718 quo
655 2654 717 2704 brec
730 2668 745 2704 u
759 2656 861 2705 Zenouo
875 2654 1043 2715 docebantur,

109 2735 300 2805 auditoresque
295 2733 371 2784 illius
384 2745 432 2781 sua
446 2730 653 2781 deambulatione
667 2729 850 2817 perturbando.
893 2730 943 2782 Ubi
958 2739 1045 2783 autem

58 2856 60 2875 ,
109 2812 191 2871 arunt.
209 2806 518 2876 sesquodumaudrtore
528 2806 650 2866 detineri
671 2813 699 2856 ut
713 2820 769 2857 erus
782 2804 984 2858 ambulationem
993 2809 1046 2859 im

109 2886 208 2953 pediret,
228 2902 319 2953 ipsum
329 2883 459 2949 increpuit
473 2882 575 2933 diceus:
595 2882 676 2934 Cur
656 2896 694 2933 sio
704 2895 784 2933 uusus
794 2896 822 2933 es
831 2884 868 2933 tut
879 2883 993 2948 magistri
1003 2898 1046 2935 ra

111 2963 184 3015 tionas
190 2961 319 3015 refutare?
352 2960 407 3011 Sed
421 2973 454 3009 ne
469 2958 532 3009 torte
546 2959 604 3022 quis
618 2973 664 3024 per
676 2959 788 3008 rationes
802 2958 913 3010 Zenonis
922 2959 1046 3025 deceptus

111 3045 185 3102 petet,
202 3054 299 3091 sensus
319 3034 437 3101 aliquid,
457 3040 557 3084 motum
576 3035 688 3095 scilicet,
712 3032 789 3084 nobis
807 3035 956 3095 ostendere,
976 3035 1046 3099 quod

112 3112 176 3177 plene
184 3116 326 3168 intellectui
337 3116 482 3178 repugnet,
501 3110 564 3160 odeo
578 3118 606 3161 ut
619 3124 694 3161 mous
707 3110 783 3160 etiarn
798 3111 864 3161 circs
878 3125 907 3161 ea
921 3125 987 3174 quoe
997 3124 1046 3175 opo

114 3190 245 3244 intellectus
253 3192 322 3244 clare
332 3188 493 3241 etdistiucte
502 3187 609 3253 percipit
617 3186 787 3252 deciperetur,
804 3187 955 3254 praecipuas
964 3185 1047 3250 ipsius

117 3268 210 3321 rationu
218 3269 259 3322 bie
269 3268 404 3327 adieram,
425 3262 558 3326 simulque
567 3262 716 3325 ostendam,
735 3276 779 3313 eas
792 3277 844 3314 non
858 3261 909 3313 uisi
919 3260 990 3310 taleis
1000 3260 1046 3311 niti

118 3346 275 3404 mordiciis:
295 3344 428 3398 nimirum
447 3340 508 3404 quia
526 3353 614 3391 verum
636 3340 756 3391 materiae
774 3343 927 3404 conceptum
945 3335 1046 3388 nullum

121 3414 198 3474 Ruit
