2316 3786
107 488 149 547 50
261 488 493 536 rnmctrtottuu
509 488 744 543 enitescamus
763 488 897 537 ΟΔΒΤΕΒ.

106 666 291 732 intelligamus.
327 665 394 718 Nam
414 669 503 716 conca
517 677 566 732 pro
583 663 653 716 c'arto
666 663 820 728 statuimus,
837 675 892 731 quc
905 676 963 733 ως

108 743 254 794 differentes
263 754 370 803 sumus,
389 738 679 792 concaminnsiiheros
687 752 755 792 esse.

158 821 247 870 Restat
254 819 342 882 itaque
350 815 392 866 hic
401 821 503 867 tantum
513 814 704 881 explicandum,
723 813 854 880 montotto
868 831 947 867 moa·
959 832 963 868 t

108 901 151 947 ctu
164 894 277 946 hominis
291 891 356 943 nihil
369 891 404 942 sit
414 891 465 941 nisi
472 893 607 957 privatio,
624 898 743 958 respectu
755 905 816 944 uero
824 892 872 955 Dei
880 906 958 944 maro

107 971 181 1036 tio.')
216 967 294 1033 Quod
303 967 377 1019 facile
385 965 545 1030 videbimus,
564 966 675 1034 siprius
687 967 938 1030 animadvertamus,
958 984 963 1020 t

107 1061 153 1110 eo,
173 1045 243 1113 quod
260 1043 342 1096 multa
355 1044 513 1111 percipimus
525 1048 627 1110 praeter
643 1055 688 1106 ca,
707 1057 774 1110 qnae
786 1042 854 1094 clare
866 1043 963 1112 intellig

107 1123 273 1190 perfectiores
286 1132 357 1182 esse,
377 1133 455 1184 quarn
473 1120 496 1170 si
513 1133 543 1170 ea
556 1132 609 1170 non
622 1120 828 1186 perciperemus:
847 1127 877 1170 ut
889 1119 959 1173 clare

109 1205 223 1258 constat,
243 1194 328 1261 quod,
347 1195 369 1246 si
379 1202 581 1263 supponeretur,
599 1195 799 1247 nosuihilelare
808 1201 834 1246 et
842 1195 963 1249 distincte

107 1274 255 1341 percipere,
291 1270 337 1323 sed
360 1278 459 1322 tantum
478 1269 600 1334 confuse,
627 1270 692 1323 nihil
717 1271 856 1338 perfectius
883 1271 963 1324 haber

27 1360 30 1365 ·
109 1365 188 1416 quam
201 1362 243 1399 res
256 1346 364 1400 contusa
377 1347 523 1414 percipere,
542 1361 591 1398 nec
604 1346 675 1400 aiud
683 1354 785 1399 nostrae
794 1354 901 1401 naturae
910 1348 963 1401 desi

108 1431 207 1493 posset.
243 1425 322 1475 Porro
331 1421 411 1475 rebus
419 1423 537 1488 wamiis
546 1422 662 1475 confusia
675 1423 808 1486 assentiri,
827 1431 959 1489 quatenus

109 1503 175 1555 actio
191 1500 318 1567 quaedam
331 1506 385 1561 est,
403 1498 528 1566 perfectio
542 1504 590 1550 est.
627 1498 705 1562 Quod
717 1500 795 1550 etiam
807 1501 952 1566 unictaiquc

109 1577 275 1639 festumerit,
295 1576 332 1636 si,
351 1581 481 1642 utsupra,
500 1581 639 1642 supponat,
658 1574 963 1644 naturaehominisrcpu

109 1661 140 1705 ut
153 1669 194 1706 res
208 1655 275 1705 clare
289 1657 315 1703 et
327 1650 448 1703 distinete
464 1652 601 1718 pereipiat;
620 1657 676 1702 tum
689 1653 761 1702 enim
773 1652 963 1718 perspicuume

108 1730 185 1795 longe
200 1729 293 1781 melius
306 1727 406 1778 homini
418 1741 490 1789 esse,
510 1727 589 1778 rebus
602 1728 720 1792 quamvis
738 1728 853 1780 contusis
871 1736 963 1780 assent

107 1805 254 1858 libertatem
272 1817 400 1865 exercerc,
429 1818 508 1868 quam
525 1817 629 1869 semper
645 1803 848 1866 indifferentem,
876 1803 927 1856 hoe
945 1819 963 1858 o

109 1882 187 1933 modo
197 1880 369 1944 ostendimus)
384 1880 411 1929 in
421 1878 510 1930 infimo
519 1879 599 1944 gradu
608 1879 733 1932 libertatis
743 1894 855 1932 manere.
892 1880 961 1932 Etsi

109 1958 228 2010 adusum
238 1964 263 2008 et
272 1956 409 2008 utilitatem
418 1956 483 2007 vitae
497 1955 625 2007 humanae
639 1956 769 2007 attendere
782 1956 915 2017 volumus,
935 1957 963 2007 id

109 2048 155 2086 sns
173 2033 348 2085 necessarium
365 2032 536 2099 reperiemus,
563 2037 594 2083 ut
612 2032 761 2097 quotidiana
779 2032 934 2099 experientia
953 2048 963 2083 t

110 2125 239 2177 quemque
248 2111 311 2161 sutis
321 2109 404 2159 docet.

160 2187 248 2250 Quum
258 2186 336 2252 igitur
345 2198 435 2236 omnes
444 2182 529 2244 modi,
549 2197 615 2249 quos
623 2182 752 2249 cogitandi
760 2183 900 2245 habemus,
921 2199 963 2250 qut

109 2264 137 2313 in
146 2277 174 2313 se
185 2263 247 2314 solis
257 2268 420 2329 spectantur,
439 2258 545 2328 perfecti
556 2260 621 2321 sint;
640 2274 692 2312 non
701 2267 901 2326 potesteatenus
910 2261 963 2312 inii

109 2338 151 2399 id,
170 2337 240 2403 quod
250 2337 357 2389 formam
368 2338 460 2389 erroris
470 2337 611 2387 constituit.
648 2338 744 2387 Verum
754 2338 776 2387 si
786 2336 817 2387 ad
831 2336 963 2388 modosve

110 2420 187 2479 prout
201 2413 233 2465 ab
249 2414 359 2466 invicem
373 2412 508 2474 differunt,
527 2411 705 2473 attendamus,
725 2412 790 2463 alios
808 2413 866 2464 aliis
884 2412 963 2480 periet

109 2490 285 2551 inveniemus,
305 2495 383 2555 prout
391 2488 435 2540 alii
444 2488 501 2539 aliis
510 2488 667 2540 uoluntatem
677 2489 765 2538 miuus
777 2488 963 2542 indifferentem

110 2572 163 2627 est,
187 2566 269 2630 magis
286 2563 394 2615 liberam
412 2563 531 2615 reddunt.
567 2563 667 2616 Deinde
685 2565 763 2615 etiarn
780 2564 939 2628 videbimus,

110 2656 188 2707 wem
198 2640 242 2691 diu
253 2639 331 2691 rebus
344 2639 459 2691 contusis
470 2640 640 2702 assentimur,
659 2639 813 2701 efficiamus,
832 2648 862 2692 ut
873 2655 950 2694 mens

110 2726 168 2784 apta
185 2718 222 2767 sit
238 2716 271 2766 ad
288 2730 377 2767 verum
396 2729 410 2766 a
426 2714 490 2766 iaiso
504 2715 724 2781 dignoscendum:
741 2732 772 2769 ae
784 2716 893 2783 proinde
906 2725 937 2769 ut
955 2732 963 2770 t

110 2794 227 2845 libertate
245 2805 387 2843 careamus.
425 2791 510 2852 Quare
528 2791 607 2844 rebus
625 2792 740 2844 contusis
762 2793 894 2855 assentiri,
923 2807 963 2859 qu

110 2868 173 2934 quid
183 2869 320 2934 positivum
331 2872 383 2928 est,
401 2866 466 2918 nihil
480 2867 682 2935 imperfectionis
696 2882 744 2920 nec
758 2867 866 2919 sormam
880 2870 963 2920 errori

110 2946 189 3004 tinet;
209 2944 255 2995 sed
265 2951 364 2994 tantum
373 2949 502 3008 quatems
511 2959 541 2996 eo
551 2946 647 3010 optima
660 2944 792 3007 libertate,
812 2942 963 3010 quaeadm

110 3027 227 3073 naturam
236 3025 370 3086 spectatet
379 3020 405 3070 in
419 3026 507 3071 nostra
520 3027 646 3088 potestate
660 3027 713 3083 est,
732 3034 781 3071 nos
793 3027 896 3073 nosmet
909 3020 963 3088 pria

109 3100 173 3149 Tota
181 3097 260 3162 igitur
269 3095 428 3163 imperiectio
437 3097 530 3148 erroris
539 3098 566 3147 in
575 3096 630 3147 sola
644 3097 755 3164 optimae
768 3096 896 3149 libertatis
908 3099 963 3164 pria

111 3173 247 3234 consistet,
267 3179 540 3238 quaemoruoeatur.
575 3173 794 3225 Privatioautem
803 3173 912 3238 dicitur,
932 3188 963 3240 qu

110 3249 341 3318 quoperiectiouc,
360 3263 427 3314 quae
435 3254 538 3300 nostrae
545 3255 652 3301 naturae
660 3250 797 3316 competit,
813 3250 957 3317 privamur3

111 3352 280 3372 ι--ι-Ι-

162 3417 181 3470 ‘t
201 3415 267 3463 Coei.
278 3414 375 3464 Gartasii
384 3418 459 3474 princ.
468 3417 554 3476 philea.
564 3424 624 3476 part.
636 3417 655 3464 Ι.
666 3424 710 3464 art.
720 3420 754 3462 it.
