2316 3786
110 486 152 546 28
260 487 495 534 rnmclrtoauto
515 485 751 533 rmoosotfflan
769 485 903 533 conum

112 677 279 733 quocumque
288 670 345 718 tum
354 664 452 719 mentis
460 663 542 717 aciem
552 667 746 726 mnrortemue,
763 667 796 715 ut
806 660 959 715 uisurum
967 660 1056 732 aliqu

110 741 277 806 dubitemne,
295 740 546 804 nihiloilendcmue‚
566 740 739 808 exquolpso,
757 737 1057 806 quomadmoonueuea
1095 730 1100 767 ¹

110 823 226 870 nostrum
243 818 406 871 existentiam
423 817 545 883 contigit,
563 830 617 869 non
633 814 789 869 concludere
806 814 962 879 debeamus,
981 814 1058 869 iilam

110 895 358 948 moestissimam.
393 892 511 960 Exempli
519 894 600 959 gratia
613 893 637 944 si
649 898 709 960 post
716 891 765 945 liei
779 891 863 944 ideam
877 892 1011 945 intentam
1021 892 1061 947 etl

110 969 545 1038 naturamtrinugniiattendamus‚
554 968 633 1021 huius
641 967 699 1020 idea
707 981 757 1020 nos
765 967 984 1035 cogatellrmarc.
997 968 1061 1023 eiu
1096 964 1100 993 ²

109 1053 164 1102 tres
172 1044 692 1115 mguiosessoaoquaiosduobusreetis=
712 1045 753 1095 ain
766 1043 800 1096 ad
813 1043 898 1097 ideam
907 1046 972 1109 liei,
991 1044 1058 1099 ltaaa
1095 1038 1100 1077 ¹

111 1122 482 1188 etiamnosailinuareooget,
501 1135 562 1174 eum
570 1134 673 1174 summe
681 1134 797 1173 veracem
806 1128 963 1189 nostrosque
974 1127 1058 1175 natu-
1098 1122 1100 1147 ¹

111 1215 154 1253 rae
168 1214 226 1254 esse
239 1207 372 1252 auctorem
385 1205 412 1251 et
424 1198 579 1250 continuum
592 1203 811 1260 conservatorem,
828 1204 907 1265 atqrm
923 1197 990 1253 adeo
1005 1211 1060 1253 noo
1096 1197 1100 1230 ¹

110 1277 178 1330 circa
187 1276 467 1329 istamveritatemnon
477 1273 604 1340 decipere.
639 1274 693 1325 Neo
702 1274 790 1327 minus
802 1274 965 1342 impossibile
976 1271 1062 1329 notu
1097 1272 1100 1303 ¹

112 1352 161 1405 erit
174 1352 300 1417 cogitare,
319 1351 367 1404 nbi
380 1351 414 1404 sd
425 1351 476 1404 liei
487 1349 572 1403 ideam
587 1350 678 1416 (qnam
691 1363 741 1402 nos
755 1350 1059 1421 invenisseiamsnppo-
1097 1350 1100 1383 ¹

110 1427 211 1492 nimus)
221 1427 395 1491 attendimus,
413 1424 730 1493 cumessedcoeptorcm‚
749 1441 843 1494 quarm
860 1425 908 1480 nbi
921 1425 955 1479 ad
968 1426 1062 1481 idam

111 1504 232 1570 trianguli
242 1505 414 1567 attendimus,
434 1504 560 1570 cogitare,
578 1502 1059 1571 traseinsanguiosnoucssoaeqna·
1098 1512 1100 1521 '

109 1580 149 1633 leo
168 1579 272 1633 dnobus
289 1582 376 1633 rectis.
412 1581 447 1632 Et
464 1579 504 1631 uti
520 1592 663 1647 possumus
675 1578 753 1631 talem
766 1579 888 1646 trianguli
901 1578 987 1633 ideam
1001 1572 1060 1635 lor-

109 1670 194 1719 mmo,
214 1659 331 1723 quamvis
346 1658 507 1718 nesciamus,
527 1670 560 1707 au
577 1662 668 1707 auctor
680 1662 783 1708 nostrae
797 1663 903 1709 naturae
916 1669 968 1709 nos
983 1655 1059 1711 deoi-

109 1734 177 1801 piat;
197 1733 235 1785 sio
254 1735 331 1786 ctiam
345 1747 488 1800 possumus
501 1733 585 1784 ideam
598 1733 646 1784 Dei
660 1730 736 1783 nobis
749 1732 842 1784 clnram
856 1731 963 1786 reddere
976 1741 1058 1800 atque

109 1808 144 1861 ob
153 1808 244 1861 oculos
252 1824 363 1876 ponere,
384 1811 501 1875 quumvis
510 1810 587 1861 etiam
602 1808 767 1871 dubitemus,
785 1823 818 1860 an
831 1816 934 1862 nostrae
947 1817 1058 1865 natmee

109 1887 294 1939 auotornosln
304 1885 555 1951 omnibusdecipiat.
591 1885 626 1935 Et
635 1883 712 1936 modo
726 1884 797 1936 illam
811 1883 968 1950 habeamus,
987 1900 1059 1954 mo-

109 1960 302 2029 modocumque
311 1977 369 2014 cam
379 1963 605 2028 acquisiverimus,
625 1961 745 2021 sufficiet,
765 1968 795 2013 ut
803 1962 908 2013 iamiam
918 1968 1061 2021 ostensum,

109 2044 163 2101 est,
183 2038 215 2091 ad
224 2053 301 2092 omne
310 2037 420 2090 dubium
430 2037 583 2089 tollendum.
620 2039 670 2089 llis
678 2039 766 2103 itaque
775 2037 926 2106 praemissis
939 2037 974 2091 ad
985 2038 1058 2093 din-

108 2114 231 2167 oultatom
240 2122 338 2167 motam
353 2113 511 2182 respondeo:
532 2115 613 2176 „Nos
627 2114 660 2165 dc
673 2113 745 2165 nulla
759 2127 787 2165 rc
799 2128 876 2179 posse
889 2128 948 2167 esso
957 2123 1054 2179 cartus,

107 2205 160 2243 non
175 2191 282 2257 quidem
296 2206 374 2259 quom
389 2190 493 2242 diullei
506 2190 666 2242 existentiam
680 2190 830 2256 ignoramus
844 2190 917 2257 (nam
926 2190 959 2244 dc
968 2192 1055 2245 ltaotc

109 2267 275 2319 conlocutus
284 2268 370 2332 sum),
390 2265 437 2321 sed
445 2281 524 2333 quam
533 2266 645 2318 diucius
658 2266 752 2319 claram
766 2272 793 2319 et
804 2265 955 2319 distinctam
968 2267 1056 2322 idean

108 2356 161 2394 non
172 2342 332 2395 habemus.“
369 2344 454 2406 Quare
464 2344 486 2395 si
496 2344 555 2409 quis
565 2349 653 2394 contra
666 2357 707 2396 me
722 2345 895 2408 argumcntml
909 2343 985 2407 velit,
1004 2345 1057 2398 tale

108 2416 213 2470 debebit
221 2433 278 2471 osse
287 2427 483 2485 argumentum:
496 2421 556 2482 „De
566 2417 637 2470 nulla
646 2434 673 2471 re
683 2433 888 2486 possumnsesso
896 2419 1055 2482 sentiente·

109 2508 188 2560 quam
201 2495 250 2547 liei
264 2493 359 2546 claram
373 2501 399 2546 et
412 2494 560 2546 distinctam
575 2494 659 2547 ideam
673 2494 826 2547 habeamus.
863 2496 947 2561 Atqui
958 2497 1055 2551 claram

108 2576 135 2622 et
148 2569 296 2622 distinctam
305 2571 353 2622 Dei
367 2570 451 2622 ideam
465 2570 559 2622 habere
573 2584 625 2621 non
638 2585 795 2637 possumus,
814 2585 894 2637 quam
907 2571 954 2623 din
967 2574 1056 2627 nosci-

108 2659 184 2708 mus,
203 2660 236 2697 an
255 2652 357 2698 nostrae
371 2654 478 2699 naturae
489 2654 580 2699 auctor
592 2661 641 2699 nos
653 2647 774 2715 decipiat.
810 2648 879 2714 Ergo
893 2648 927 2700 do
940 2649 1014 2702 nulla
1026 2662 1056 2703 re

108 2735 251 2790 possumus
260 2736 318 2774 esse
327 2723 404 2783 certi,
423 2737 502 2788 qnam
512 2721 558 2774 diu
567 2725 713 2787 nescimus,
732 2731 1064 2779 aunostraanatumcau.

108 2804 164 2850 otor
173 2796 367 2865 nosdecipiat“
378 2805 428 2851 etc.
464 2799 506 2850 ad
521 2798 592 2864 quod
601 2800 745 2866 respondeo
755 2799 920 2871 coucedpndo
928 2802 1054 2854 maloram

107 2880 135 2927 ct
143 2873 260 2940 negando
271 2875 412 2937 minorem
430 2874 559 2928 habemus
572 2875 643 2927 cuim
656 2876 751 2929 claram
766 2883 793 2929 et
806 2877 954 2930 distinctam
969 2878 1053 2931 idcam

107 2948 244 3017 trianguli,
264 2951 553 3016 quamvisnesoinmus,
573 2959 835 3005 annostracnoturoe
848 2953 1054 3006 auctornosde-

108 3026 202 3093 cipiat;
222 3033 248 3078 et
257 3026 334 3078 modo
349 3026 427 3079 talem
436 3029 485 3081 Dei
497 3027 597 3089 ideam,
617 3033 648 3079 nt
659 3027 737 3080 modo
751 3029 809 3081 inse
821 3029 937 3092 ostendi,
956 3029 1054 3083 omae

107 3117 182 3164 mus,
202 3116 249 3154 neo
259 3102 358 3154 deeius
367 3104 499 3156 existentia
513 3118 561 3156 neo
575 3104 606 3156 dc
620 3104 674 3156 ulla
687 3106 792 3158 reritnte
806 3105 987 3157 mathematica
1002 3103 1054 3156 du-

106 3178 189 3231 bitare
198 3179 351 3246 poterimus.
