2316 3786
447 936 676 1019 INDEX

121 1097 226 1159 equis·
248 1099 278 1144 et
299 1093 484 1143 materiarum
506 1092 536 1140 itt
558 1088 579 1139 1.
602 1094 630 1139 et
649 1090 684 1141 11.
705 1095 785 1156 ports
807 1091 999 1158 appendicis

463 1178 655 1226 contentam.

474 1427 586 1480 PARS
622 1428 644 1478 1.

228 1531 293 1576 (lar.
306 1529 327 1574 1.
356 1527 393 1570 ue
410 1531 477 1569 ente
497 1525 586 1578 reoli,
600 1525 685 1582 ficto
704 1529 727 1567 et
744 1523 885 1569 rationis.

108 1600 126 1639 t.
144 1599 335 1644 Entisdetinttio.

110 1657 128 1696 ἱ
147 1658 307 1708 Chimaeram.
329 1668 373 1701 ens
383 1654 464 1700 fletum
475 1661 500 1699 et
508 1666 549 1699 ens
559 1654 655 1698 rationis
665 1665 712 1697 non
723 1664 776 1698 esso
784 1652 856 1698 eous.

110 1717 129 1755 ἰ
147 1717 231 1771 onnus
241 1716 366 1772 eogitandi
376 1714 454 1760 modis
463 1724 502 1758 res
512 1713 663 1759 retineamus.

111 1774 127 1815 ί
147 1776 232 1830 Quibus
243 1775 366 1831 cogitandi
378 1774 455 1818 modis
465 1784 503 1816 res
513 1772 664 1828 explicemus.

110 1834 126 1874 ⁵.
147 1836 232 1888 Quibus
242 1834 364 1890 cogitandi
376 1833 453 1877 modis
463 1844 500 1876 res
511 1832 674 1888 imaginemur.

109 1892 127 1932 i·
147 1894 207 1939 Faria
219 1895 320 1939 rationis
334 1904 378 1936 eur
388 1904 434 1936 non
443 1892 491 1936 sint
499 1891 566 1935 ideae
575 1903 666 1948 rerum,
677 1896 701 1935 et
710 1896 788 1935 tamen
797 1902 840 1946 pro
850 1890 879 1935 its
890 1889 1030 1938 habeantur.

110 1951 128 1990 i.
150 1952 204 1997 late
212 1955 285 1997 dis-idi
296 1964 341 1996 ens
352 1951 377 1994 in
387 1950 451 1996 reale
461 1957 485 1995 et
494 1950 598 1994 rationis.

113 2010 130 2050 i·
150 2011 191 2056 Ros
209 2013 308 2057 rationis
330 2010 452 2067 quomodo
472 2009 517 2054 diei
532 2010 606 2064 possit
620 2021 710 2053 merum
724 2007 796 2064 nihil,
816 2015 839 2052 et
852 2011 970 2065 quomodo
990 2023 1031 2054 ens

115 2125 133 2167 9.
154 2072 262 2228 {galterum
279 2128 463 2185 investigatione
477 2128 538 2173 entia
553 2127 624 2172 realia
638 2139 692 2172 oum
708 2128 801 2172 entibus
811 2127 907 2171 rationis
918 2139 964 2171 non
975 2139 1032 2171 oon-

113 2244 141 2282 Ὦ.
161 2190 268 2297 &mad
281 2261 327 2294 ens
338 2246 436 2291 rationis
447 2253 472 2291 et
481 2256 523 2290 ens
533 2243 611 2289 tieturn
621 2245 801 2301 distinguantur.

118 2301 144 2342 st
163 2303 317 2354 neonisio.

115 2382 196 2434 (thil.
215 2393 380 2442 Qnidsiteau
397 2387 559 2438 essentiae,
578 2387 691 2445 quidesse
705 2388 900 2440 existentias,
919 2390 1032 2448 quintana

346 2451 445 2499 tntae,
465 2446 524 2505 quid
539 2460 588 2489 etse
604 2448 771 2504 potentiae.

119 2515 133 2557 ¹·
154 2519 267 2566 creaturas
279 2522 305 2564 in
316 2520 370 2563 Deo
381 2529 431 2561 esse
442 2516 578 2560 eminenter.

116 2574 134 2616 2
153 2579 205 2632 Quid
216 2583 247 2624 sit
255 2592 312 2624 esse
324 2577 456 2631 essentiae,
476 2575 624 2628 existentiae,
643 2575 710 2620 ideae
721 2587 749 2620 ao
758 2577 884 2631 potentiae.

117 2634 132 2674 ³·
154 2637 209 2682 iisee
219 2647 348 2695 quatuora
360 2636 496 2680 seinvicem
507 2646 552 2678 oon
563 2633 672 2690 distingui
682 2637 727 2680 nisi
738 2636 760 2679 in
772 2638 895 2682 creaturis.

116 2693 131 2734 ⁴.
151 2699 178 2740 td
189 2700 344 2753 quaestiones
354 2695 470 2751 quaedam
481 2694 510 2738 de
520 2693 620 2738 essentia
631 2695 792 2749 respondetur.

116 2753 131 2793 ὃ.
152 2756 193 2799 [or
203 2765 287 2801 auctor
298 2756 323 2799 in
333 2753 470 2799 definitione
480 2752 596 2798 essentiae
606 2753 635 2796 ad
645 2754 688 2797 Dei
698 2754 811 2799 attributa
822 2756 937 2802 recurrit?

115 2811 130 2853 ⁸·
151 2814 305 2860 (oratiorum
317 2813 467 2859 definitiones
478 2824 524 2856 non
535 2812 669 2856 recensuit?

115 2870 130 2910 i·
150 2873 268 2928 Quomodo
279 2873 402 2918 distinctio
412 2872 473 2916 inter
482 2871 607 2917 essentiam
618 2875 642 2915 et
651 2871 796 2917 existentiam
808 2873 879 2918 tacito
889 2875 1030 2921 addiscatur.

106 2951 149 3000 Cat.
160 2958 202 3003 ΙΙΙ,
220 2957 293 3001 Dato
304 2960 369 3016 quod
381 2960 417 2998 est
435 2953 648 3004 necessarium,
667 2954 866 3011 impossibile,
886 2960 1032 3014 possibile

451 3019 474 3056 et
492 3014 673 3068 contingens.

115 3084 129 3123 ¹.
150 3085 206 3139 Quid
218 3087 255 3132 bie
265 3098 310 3142 per
319 3084 459 3128 affectiones
469 3081 645 3138 intelligendum
655 3083 693 3128 sit.

113 3141 129 3181 2
149 3145 308 3190 Adeetionum
318 3142 433 3187 definitio.

113 3201 128 3240 ³-
150 3202 210 3257 unos
218 3205 297 3249 modis
307 3215 347 3248 res
358 3203 450 3246 dicatur
460 3201 591 3246 necessaria
602 3207 625 3247 et
634 3201 795 3258 impossibilis.

112 3259 128 3299 t
149 3262 297 3308 Chimaeram
308 3261 435 3308 commodo
446 3272 487 3304 ens
497 3259 592 3306 verbale
601 3260 688 3306 vocari.

113 3318 128 3359 i
149 3321 193 3366 les
201 3330 295 3368 creatas
304 3320 385 3379 quoad
396 3320 523 3366 essentiam
532 3325 557 3364 et
565 3319 710 3365 existentiam
720 3334 734 3366 a
744 3322 794 3368 lieo
804 3322 944 3379 dependere.

113 3376 129 3419 i.
150 3380 333 3437 limitatam,
352 3391 414 3437 quae
423 3379 448 3423 in
457 3378 530 3423 rebus
540 3379 623 3423 orestis
633 3392 647 3423 a
658 3391 727 3426 eausa
739 3386 785 3440 est,
806 3394 860 3430 esso
868 3382 904 3431 vei
915 3383 1031 3437 essentias

142 3438 175 3483 rei
183 3440 336 3495 existentiae;
355 3444 380 3484 at
388 3439 448 3482 haee
457 3438 504 3479 duo
511 3437 536 3479 in
543 3437 593 3480 Deo
600 3450 648 3483 non
657 3441 778 3501 distingui.

129 3499 242 3556 inurat.
834 3521 851 3580 2
