2316 3786
19 35 1096 298 m

82 352 87 365 1

107 514 149 572 12
337 511 573 559 emmim!
589 509 825 557 Pflllaiissol’fflss

123 701 145 743 t.
170 697 239 745 lens
248 705 273 744 et
280 708 367 753 enrpnr
375 693 471 740 realiter
479 693 660 750 dirigam.

121 767 144 810 2.
171 766 236 811 Dens
245 772 281 812 est
288 776 383 811 mnne
393 762 532 817 intelligens.

133 831 231 879 icini
258 833 293 877 ne
302 832 345 876 Dei
357 829 488 886 inrorpoeei
497 826 804 873 extminneetinteileeta.

107 910 140 951 ii.
159 908 278 964 Quidquid
289 906 441 964 perieetinnis
450 905 474 948 ia
484 905 535 949 Iien
544 904 675 960 reperitur,
692 917 708 949 a
716 905 769 949 lien
778 910 822 950 eri.

107 971 141 1012 it.
159 967 212 1013 iien
221 968 307 1011 dantm
316 965 396 1022 plnres
405 965 447 1008 dii.

106 1037 140 1078 12
159 1034 244 1080 Omnia
254 1046 317 1090 qnae
326 1033 429 1078 eristnnt
437 1045 451 1077 a
460 1032 511 1077 seia
521 1032 543 1076 ri
553 1032 596 1076 liei
606 1037 785 1077 merantur.

133 1092 242 1139 corelli
261 1097 281 1136 t.
309 1092 373 1136 neus
382 1099 418 1136 est
426 1092 532 1136 emnium
542 1103 621 1136 rernm
631 1099 733 1136 creator.

132 1151 239 1199 Coreli.
258 1155 280 1196 2.
307 1152 353 1198 lter
363 1150 452 1196 nnllam
462 1163 491 1196 ea
502 1163 530 1195 sa
543 1150 631 1195 nabent
644 1152 784 1205 essentiam,
802 1161 865 1207 qnae
878 1150 997 1196 situata
1010 1162 1053 1198 as·

184 1211 294 1268 finitionis
308 1211 364 1267 liei;
382 1211 424 1256 sed
438 1217 519 1254 eontra
529 1209 593 1255 Dens
603 1217 639 1254 est
648 1222 720 1255 cansa
729 1221 821 1266 rernm,
836 1209 909 1253 etiam
921 1211 1002 1266 quoad
1010 1223 1052 1257 ea-

184 1282 236 1316 rnm
247 1272 382 1316 essentiam.

133 1329 220 1376 Cerni
228 1330 243 1374 Ι.
262 1333 284 1374 2,
311 1330 376 1375 Deus
386 1343 433 1374 non
442 1329 513 1375 sentit
521 1341 565 1372 nee
575 1330 670 1384 proprie
679 1328 785 1384 percipit.

134 1388 244 1435 Coreli.
263 1392 283 1431 i.
311 1390 376 1435 Deus
386 1397 423 1435 est
431 1388 571 1434 causalitate
580 1389 645 1444 prior
654 1400 732 1433 rerum
743 1388 844 1432 essentia
854 1393 878 1432 et
887 1389 1019 1436 existentia.

107 1460 141 1501 tt.
160 1457 223 1502 iiens
232 1464 271 1502 est
278 1468 373 1502 summe
382 1468 459 1501 reru.

107 1518 139 1560 di.
160 1516 278 1574 Quidquid
289 1514 353 1560 clare
363 1522 387 1560 et
395 1515 504 1560 distincte
514 1515 657 1571 percipimus
667 1526 748 1559 rernm
759 1520 803 1560 esi.

134 1573 231 1619 deinoi.
260 1575 347 1620 Cerere
357 1586 483 1630 possumus
493 1586 522 1618 ne
532 1575 556 1619 in
566 1586 657 1618 errores
667 1574 799 1619 incidamus
809 1580 832 1619 et
842 1574 963 1621 iailamnr.

107 1645 141 1686 ii.
160 1643 232 1687 Error
242 1655 288 1686 non
298 1650 334 1687 est
343 1644 398 1698 quid
409 1642 543 1698 positivum.

134 1701 229 1747 schol.
256 1702 329 1746 Error
339 1709 375 1746 est
384 1703 483 1757 privatio
493 1702 549 1745 recti
560 1713 617 1745 usus
627 1699 752 1747 libertatis.

108 1772 141 1815 tt.
161 1770 225 1815 iieus
235 1776 271 1814 est
280 1771 442 1825 incorporeus.

108 1839 141 1881 tt.
161 1838 225 1882 Dens
235 1844 270 1882 est
280 1849 321 1881 ens
331 1837 541 1892 simplicissimum.

135 1894 242 1942 Gornii.
270 1896 314 1940 Dei
334 1895 498 1952 intelligentia,
522 1894 628 1940 roiunias
647 1909 688 1940 seu
708 1898 828 1942 decretum
846 1901 872 1941 ei
885 1897 991 1953 potentia
1004 1910 1051 1945 non

186 1955 360 2012 distinguuntur
369 1956 413 2000 nisi
423 1956 514 1999 ratione
524 1955 554 2000 ab
565 1956 615 2000 eina
625 1956 735 2001 essentia.

108 2026 142 2069 ii.
161 2024 224 2069 iieus
234 2030 270 2069 est
279 2021 441 2077 immutabilis.

108 2093 142 2136 ii.
160 2091 225 2137 Deus
234 2098 271 2137 ert
280 2098 398 2136 aeternus.

107 2161 142 2206 ω.
161 2160 226 2205 Dens
235 2161 313 2205 omnia
324 2159 355 2204 ab
365 2166 461 2205 aeterno
471 2158 651 2214 praeordinavit.

135 2217 244 2265 Coroli.
271 2220 335 2264 Deus
346 2225 481 2264 estrumme
491 2224 601 2262 constans
611 2218 634 2261 in
644 2219 694 2262 suis
705 2217 824 2275 operibus.

108 2287 143 2331 2¹.
163 2285 298 2332 Substantia
314 2294 408 2332 extensa
423 2286 447 2331 in
461 2285 569 2342 longum,
588 2284 662 2330 iatum
678 2293 702 2332 et
714 2287 856 2344 profundum
873 2300 956 2335 revera
970 2289 1054 2343 existit,

162 2358 253 2403 nosque
262 2347 302 2391 uni
313 2349 363 2391 eius
374 2347 433 2403 parti
444 2346 501 2390 uniti
511 2357 603 2391 sumus.

470 2474 612 2525 Ptns
648 2477 692 2526 11.

110 2555 304 2603 Postulatnm.

109 2623 313 2670 Deiinitinnes
332 2626 390 2667 1-9.

109 2691 260 2738 driomatt
280 2694 352 2733 t-tt.
1042 2723 1047 2729 „

138 2758 251 2805 Lemma
271 2765 290 2804 t.
319 2759 363 2804 iibi
378 2759 448 2804 datur
466 2759 600 2804 extensio
619 2761 825 2818 simultatium,
845 2760 878 2806 ibi
892 2761 1056 2807 daturnenes-

189 2817 251 2863 sario
271 2817 450 2864 substantia.

138 2875 252 2922 Lamina
270 2878 291 2920 2.
319 2876 452 2922 iinreinetio
467 2883 490 2922 et
503 2878 655 2923 condensatio
669 2876 732 2924 ciare
743 2885 766 2924 et
775 2879 884 2926 distinete
894 2891 907 2926 t
918 2879 987 2926 nobis
998 2891 1056 2924 con-

190 2936 316 2992 cipiuntur,
331 2936 439 2993 quamvis
449 2948 495 2981 non
505 2939 676 2992 concedamus,
696 2950 795 2994 corpora
805 2939 828 2983 in
838 2939 994 2985 rareiaetione
1004 2949 1057 2983 ma-

190 2994 227 3040 ius
237 2995 339 3052 spatium
349 3007 480 3052 occupare,
500 3008 571 3052 quam
582 2997 605 3042 in
615 2999 806 3043 condensations.

111 3070 233 3129 tropos.
253 3075 272 3115 i.
299 3071 412 3127 Quamvis
422 3071 532 3130 durities,
547 3073 638 3127 pondua
648 3080 672 3120 et
681 3073 787 3131 reliquas
796 3072 896 3120 sensiles
905 3072 1031 3131 qualitates
1041 3085 1057 3117 a

164 3129 359 3247 ἓᾙὲἓοιιϋᾳυο
372 3137 524 3188 separentur,
538 3132 626 3189 integra
645 3134 778 3180 remanebit
791 3131 865 3179 nihilo
880 3134 958 3180 minus
971 3139 1056 3179 natura

124 3267 146 3310 Ξ.
165 3264 274 3324 Corporis
284 3265 333 3311 sive
344 3265 457 3311 materiae
466 3271 549 3312 natura
559 3268 583 3311 in
592 3264 645 3312 ania
654 3267 790 3314 extensione
799 3266 914 3313 consistit.

138 3322 248 3371 Coroii.
275 3325 381 3380 Spatium
392 3331 414 3370 et
423 3337 509 3380 eorpus
519 3325 543 3369 in
552 3336 578 3369 re
587 3337 634 3371 nen
644 3325 763 3373 differunt

139 3383 236 3431 deinoi.
263 3384 324 3441 Quid
333 3385 365 3430 ait
373 3385 449 3430 Deum
460 3394 513 3430 esse
522 3382 618 3439 uhtaus

122 3461 144 3504 ι,
162 3459 287 3518 Repugnat
298 3467 323 3506 nt
332 3460 519 3509 daturrannum.
