<?xml version="1.0" encoding="UTF-8"?>
<!DOCTYPE html PUBLIC "-//W3C//DTD XHTML 1.0 Transitional//EN"
    "http://www.w3.org/TR/xhtml1/DTD/xhtml1-transitional.dtd">
<html xmlns="http://www.w3.org/1999/xhtml" xml:lang="en" lang="en">
 <head>
  <title>
</title>
<meta http-equiv="Content-Type" content="text/html;charset=utf-8" />
  <meta name='ocr-system' content='tesseract 3.04.00' />
  <meta name='ocr-capabilities' content='ocr_page ocr_carea ocr_par ocr_line ocrx_word'/>
</head>
<body>
  <div class='ocr_page' id='page_1' title='image "benedictidespin02brudgoog_0071.png"; bbox 0 0 2316 3786; ppageno 0'>
   <div class='ocr_carea' id='block_1_1' title="bbox 471 467 1013 539">
    <p class='ocr_par' dir='ltr' id='par_1_1' title="bbox 471 467 1013 539">
     <span class='ocr_line' id='line_1_1' title="bbox 471 467 1013 539; baseline -0.002 -26"><span class='ocrx_word' id='word_1_1' title='bbox 471 467 558 513; x_wconf 77' lang='lat' dir='ltr'><strong>t’ntts</strong></span> <span class='ocrx_word' id='word_1_2' title='bbox 579 468 601 513; x_wconf 87' lang='lat' dir='ltr'><strong>l.</strong></span> <span class='ocrx_word' id='word_1_3' title='bbox 969 480 1013 539; x_wconf 65' lang='lat'><strong>⁴9</strong></span> 
     </span>
    </p>
   </div>
   <div class='ocr_carea' id='block_1_2' title="bbox 82 644 1009 3443">
    <p class='ocr_par' dir='ltr' id='par_1_2' title="bbox 82 644 1009 3443">
     <span class='ocr_line' id='line_1_2' title="bbox 113 644 1008 710; baseline 0.006 -10"><span class='ocrx_word' id='word_1_4' title='bbox 113 646 212 709; x_wconf 62' lang='lat' dir='ltr'><strong>metet</strong></span> <span class='ocrx_word' id='word_1_5' title='bbox 224 646 320 699; x_wconf 74' lang='lat' dir='ltr'><strong>adhuc</strong></span> <span class='ocrx_word' id='word_1_6' title='bbox 337 646 441 697; x_wconf 71' lang='lat' dir='ltr'><strong>elarius</strong></span> <span class='ocrx_word' id='word_1_7' title='bbox 458 650 562 709; x_wconf 73' lang='lat' dir='ltr'><strong>petent,</strong></span> <span class='ocrx_word' id='word_1_8' title='bbox 586 644 730 696; x_wconf 82' lang='lat' dir='ltr'><strong>notendutn</strong></span> <span class='ocrx_word' id='word_1_9' title='bbox 748 650 775 698; x_wconf 75' lang='lat'><strong>2.</strong></span> <span class='ocrx_word' id='word_1_10' title='bbox 795 649 872 710; x_wconf 84' lang='lat' dir='ltr'><strong>Quod</strong></span> <span class='ocrx_word' id='word_1_11' title='bbox 889 668 938 707; x_wconf 84' lang='lat' dir='ltr'><strong>nos</strong></span> <span class='ocrx_word' id='word_1_12' title='bbox 955 670 1008 708; x_wconf 93' lang='lat' dir='ltr'><strong>non</strong></span> 
     </span>
     <span class='ocr_line' id='line_1_3' title="bbox 82 720 1009 789; baseline 0.011 -16"><span class='ocrx_word' id='word_1_13' title='bbox 82 730 153 773; x_wconf 70' lang='lat' dir='ltr'><strong>utu</strong></span> <span class='ocrx_word' id='word_1_14' title='bbox 164 724 312 775; x_wconf 72' lang='lat' dir='ltr'><strong>iubeamus</strong></span> <span class='ocrx_word' id='word_1_15' title='bbox 330 727 496 789; x_wconf 67' lang='lat' dir='ltr'><strong>potestatem</strong></span> <span class='ocrx_word' id='word_1_16' title='bbox 513 720 548 771; x_wconf 88' lang='lat' dir='ltr'><strong>iis</strong></span> <span class='ocrx_word' id='word_1_17' title='bbox 564 721 739 783; x_wconf 77' lang='lat' dir='ltr'>assentiendi,</span> <span class='ocrx_word' id='word_1_18' title='bbox 763 738 829 787; x_wconf 80' lang='lat' dir='ltr'><strong>quoe</strong></span> <span class='ocrx_word' id='word_1_19' title='bbox 847 726 913 780; x_wconf 77' lang='lat' dir='ltr'><strong>eluro</strong></span> <span class='ocrx_word' id='word_1_20' title='bbox 927 738 953 781; x_wconf 90' lang='lat' dir='ltr'><strong>et</strong></span> <span class='ocrx_word' id='word_1_21' title='bbox 965 730 1009 783; x_wconf 91' lang='lat' dir='ltr'><strong>di-</strong></span> 
     </span>
     <span class='ocr_line' id='line_1_4' title="bbox 82 796 1006 866; baseline 0.009 -17"><span class='ocrx_word' id='word_1_22' title='bbox 82 798 327 866; x_wconf 69' lang='lat' dir='ltr'><strong>t‘utepucipimns,</strong></span> <span class='ocrx_word' id='word_1_23' title='bbox 346 796 591 859; x_wconf 75' lang='lat' dir='ltr'><strong>verumetitmiis,</strong></span> <span class='ocrx_word' id='word_1_24' title='bbox 611 811 677 861; x_wconf 81' lang='lat' dir='ltr'><strong>quoe</strong></span> <span class='ocrx_word' id='word_1_25' title='bbox 692 812 858 865; x_wconf 83' lang='lat' dir='ltr'><strong>quocumque</strong></span> <span class='ocrx_word' id='word_1_26' title='bbox 868 802 919 854; x_wconf 82' lang='lat' dir='ltr'><strong>olio</strong></span> <span class='ocrx_word' id='word_1_27' title='bbox 928 805 1006 858; x_wconf 89' lang='lat' dir='ltr'><strong>modo</strong></span> 
     </span>
     <span class='ocr_line' id='line_1_5' title="bbox 82 872 1006 941; baseline 0.005 -13"><span class='ocrx_word' id='word_1_28' title='bbox 82 876 208 941; x_wconf 58' lang='lat' dir='ltr'><strong>mus.</strong></span> <span class='ocrx_word' id='word_1_29' title='bbox 246 876 322 927; x_wconf 77' lang='lat' dir='ltr'><strong>liam</strong></span> <span class='ocrx_word' id='word_1_30' title='bbox 342 882 435 925; x_wconf 78' lang='lat' dir='ltr'><strong>nostro</strong></span> <span class='ocrx_word' id='word_1_31' title='bbox 452 872 573 925; x_wconf 72' lang='lat' dir='ltr'><strong>voluntas</strong></span> <span class='ocrx_word' id='word_1_32' title='bbox 591 872 672 923; x_wconf 89' lang='lat' dir='ltr'><strong>nullis</strong></span> <span class='ocrx_word' id='word_1_33' title='bbox 689 872 819 926; x_wconf 83' lang='lat' dir='ltr'><strong>limitibus</strong></span> <span class='ocrx_word' id='word_1_34' title='bbox 838 876 1006 933; x_wconf 69' lang='lat' dir='ltr'><strong>determinato</strong></span> 
     </span>
     <span class='ocr_line' id='line_1_6' title="bbox 82 948 1007 1015; baseline 0.01 -16"><span class='ocrx_word' id='word_1_35' title='bbox 82 958 107 999; x_wconf 80' lang='grc'><strong>1.</strong></span> <span class='ocrx_word' id='word_1_36' title='bbox 131 952 287 1015; x_wconf 78' lang='lat' dir='ltr'><strong>Quodelnre</strong></span> <span class='ocrx_word' id='word_1_37' title='bbox 297 948 585 1014; x_wconf 75' lang='lat' dir='ltr'><strong>unusquisqusddere</strong></span> <span class='ocrx_word' id='word_1_38' title='bbox 600 956 700 1014; x_wconf 89' lang='lat' dir='ltr'><strong>potest,</strong></span> <span class='ocrx_word' id='word_1_39' title='bbox 720 950 797 1001; x_wconf 91' lang='lat' dir='ltr'><strong>modo</strong></span> <span class='ocrx_word' id='word_1_40' title='bbox 811 950 843 1001; x_wconf 89' lang='lat' dir='ltr'><strong>od</strong></span> <span class='ocrx_word' id='word_1_41' title='bbox 857 951 907 1004; x_wconf 84' lang='lat' dir='ltr'><strong>hoe</strong></span> <span class='ocrx_word' id='word_1_42' title='bbox 920 961 1007 1007; x_wconf 83' lang='lat' dir='ltr'><strong>otten-</strong></span> 
     </span>
     <span class='ocr_line' id='line_1_7' title="bbox 82 1024 1006 1093; baseline 0.004 -16"><span class='ocrx_word' id='word_1_43' title='bbox 82 1034 112 1089; x_wconf 79' lang='grc' dir='ltr'><strong>Ι,</strong></span> <span class='ocrx_word' id='word_1_44' title='bbox 125 1042 210 1093; x_wconf 79' lang='lat' dir='ltr'><strong>nempe</strong></span> <span class='ocrx_word' id='word_1_45' title='bbox 220 1026 317 1092; x_wconf 84' lang='lat' dir='ltr'><strong>quod,</strong></span> <span class='ocrx_word' id='word_1_46' title='bbox 338 1027 364 1076; x_wconf 84' lang='lat' dir='ltr'><strong>si</strong></span> <span class='ocrx_word' id='word_1_47' title='bbox 374 1027 447 1075; x_wconf 77' lang='lat' dir='ltr'><strong>ueus</strong></span> <span class='ocrx_word' id='word_1_48' title='bbox 455 1024 606 1076; x_wconf 68' lang='lat' dir='ltr'><strong>facultatem</strong></span> <span class='ocrx_word' id='word_1_49' title='bbox 617 1032 731 1075; x_wconf 79' lang='lat' dir='ltr'><strong>nostram</strong></span> <span class='ocrx_word' id='word_1_50' title='bbox 740 1026 901 1091; x_wconf 79' lang='lat' dir='ltr'><strong>intelligendi</strong></span> <span class='ocrx_word' id='word_1_51' title='bbox 916 1029 1006 1081; x_wconf 85' lang='lat' dir='ltr'><strong>inlini-</strong></span> 
     </span>
     <span class='ocr_line' id='line_1_8' title="bbox 82 1101 1006 1167; baseline 0.002 -14"><span class='ocrx_word' id='word_1_52' title='bbox 82 1102 323 1163; x_wconf 76' lang='lat' dir='ltr'><strong>nredtlereuellet,</strong></span> <span class='ocrx_word' id='word_1_53' title='bbox 344 1116 399 1151; x_wconf 91' lang='lat' dir='ltr'><strong>non</strong></span> <span class='ocrx_word' id='word_1_54' title='bbox 414 1102 464 1167; x_wconf 85' lang='lat' dir='ltr'><strong>ipsi</strong></span> <span class='ocrx_word' id='word_1_55' title='bbox 480 1115 547 1167; x_wconf 91' lang='lat' dir='ltr'><strong>opus</strong></span> <span class='ocrx_word' id='word_1_56' title='bbox 561 1108 643 1162; x_wconf 91' lang='lat' dir='ltr'><strong>esset,</strong></span> <span class='ocrx_word' id='word_1_57' title='bbox 664 1101 739 1151; x_wconf 91' lang='lat' dir='ltr'><strong>nobis</strong></span> <span class='ocrx_word' id='word_1_58' title='bbox 753 1102 905 1167; x_wconf 77' lang='lat' dir='ltr'><strong>ampliorem</strong></span> <span class='ocrx_word' id='word_1_59' title='bbox 921 1104 1006 1155; x_wconf 80' lang='lat' dir='ltr'><strong>focul-</strong></span> 
     </span>
     <span class='ocr_line' id='line_1_9' title="bbox 82 1177 1004 1241; baseline -0.001 -9"><span class='ocrx_word' id='word_1_60' title='bbox 82 1186 125 1231; x_wconf 74' lang='lat' dir='ltr'><strong>tt·</strong></span> <span class='ocrx_word' id='word_1_61' title='bbox 137 1178 305 1231; x_wconf 65' lang='lat' dir='ltr'>assentiendi</span> <span class='ocrx_word' id='word_1_62' title='bbox 325 1178 404 1238; x_wconf 83' lang='lat' dir='ltr'><strong>dore,</strong></span> <span class='ocrx_word' id='word_1_63' title='bbox 424 1190 503 1241; x_wconf 80' lang='lat' dir='ltr'><strong>quom</strong></span> <span class='ocrx_word' id='word_1_64' title='bbox 521 1183 621 1238; x_wconf 85' lang='lat' dir='ltr'><strong>coest,</strong></span> <span class='ocrx_word' id='word_1_65' title='bbox 641 1191 720 1240; x_wconf 86' lang='lat' dir='ltr'><strong>quom</strong></span> <span class='ocrx_word' id='word_1_66' title='bbox 737 1179 788 1227; x_wconf 80' lang='lat' dir='ltr'><strong>iem</strong></span> <span class='ocrx_word' id='word_1_67' title='bbox 807 1177 949 1240; x_wconf 79' lang='lat' dir='ltr'><strong>habemus,</strong></span> <span class='ocrx_word' id='word_1_68' title='bbox 975 1188 1004 1231; x_wconf 92' lang='lat' dir='ltr'><strong>ut</strong></span> 
     </span>
     <span class='ocr_line' id='line_1_10' title="bbox 82 1252 1001 1318; baseline 0 -11"><span class='ocrx_word' id='word_1_69' title='bbox 82 1254 185 1307; x_wconf 74' lang='lat' dir='ltr'><strong>nicosa</strong></span> <span class='ocrx_word' id='word_1_70' title='bbox 200 1256 288 1307; x_wconf 85' lang='lat' dir='ltr'><strong>nobis</strong></span> <span class='ocrx_word' id='word_1_71' title='bbox 304 1252 448 1303; x_wconf 75' lang='lat' dir='ltr'><strong>intellectis</strong></span> <span class='ocrx_word' id='word_1_72' title='bbox 461 1253 580 1302; x_wconf 75' lang='lat' dir='ltr'><strong>assentiri</strong></span> <span class='ocrx_word' id='word_1_73' title='bbox 594 1266 744 1318; x_wconf 78' lang='lat' dir='ltr'>possemus:</span> <span class='ocrx_word' id='word_1_74' title='bbox 765 1252 809 1303; x_wconf 90' lang='lat' dir='ltr'><strong>sed</strong></span> <span class='ocrx_word' id='word_1_75' title='bbox 824 1252 888 1305; x_wconf 84' lang='lat' dir='ltr'><strong>hoec</strong></span> <span class='ocrx_word' id='word_1_76' title='bbox 901 1254 1001 1317; x_wconf 82' lang='lat' dir='ltr'><strong>eedem,</strong></span> 
     </span>
     <span class='ocr_line' id='line_1_11' title="bbox 82 1326 1003 1389; baseline -0.001 -6"><span class='ocrx_word' id='word_1_77' title='bbox 82 1332 346 1389; x_wconf 64' lang='lat' dir='ltr'><strong>meminimus,</strong></span> <span class='ocrx_word' id='word_1_78' title='bbox 366 1327 445 1379; x_wconf 89' lang='lat' dir='ltr'><strong>rebus</strong></span> <span class='ocrx_word' id='word_1_79' title='bbox 453 1326 562 1378; x_wconf 87' lang='lat' dir='ltr'><strong>infinitis</strong></span> <span class='ocrx_word' id='word_1_80' title='bbox 571 1328 743 1379; x_wconf 79' lang='lat' dir='ltr'><strong>essentiendis</strong></span> <span class='ocrx_word' id='word_1_81' title='bbox 752 1328 889 1381; x_wconf 84' lang='lat' dir='ltr'><strong>sufficeret.</strong></span> <span class='ocrx_word' id='word_1_82' title='bbox 926 1332 961 1381; x_wconf 87' lang='lat' dir='ltr'><strong>Et</strong></span> <span class='ocrx_word' id='word_1_83' title='bbox 976 1346 1003 1382; x_wconf 88' lang='lat' dir='ltr'><strong>re</strong></span> 
     </span>
     <span class='ocr_line' id='line_1_12' title="bbox 82 1402 1001 1473; baseline 0.001 -16"><span class='ocrx_word' id='word_1_84' title='bbox 82 1420 106 1457; x_wconf 79' lang='lat' dir='ltr'><strong>st</strong></span> <span class='ocrx_word' id='word_1_85' title='bbox 118 1410 191 1459; x_wconf 72' lang='grc' dir='ltr'><strong>ωἰω</strong></span> <span class='ocrx_word' id='word_1_86' title='bbox 208 1406 385 1473; x_wconf 74' lang='lat' dir='ltr'><strong>experimur,</strong></span> <span class='ocrx_word' id='word_1_87' title='bbox 404 1402 476 1468; x_wconf 87' lang='lat' dir='ltr'><strong>quod</strong></span> <span class='ocrx_word' id='word_1_88' title='bbox 493 1402 582 1454; x_wconf 90' lang='lat' dir='ltr'><strong>multis</strong></span> <span class='ocrx_word' id='word_1_89' title='bbox 596 1405 781 1466; x_wconf 84' lang='lat' dir='ltr'><strong>ossentiomur,</strong></span> <span class='ocrx_word' id='word_1_90' title='bbox 801 1419 867 1469; x_wconf 82' lang='lat' dir='ltr'><strong>quoe</strong></span> <span class='ocrx_word' id='word_1_91' title='bbox 881 1420 910 1456; x_wconf 87' lang='lat' dir='ltr'><strong>er</strong></span> <span class='ocrx_word' id='word_1_92' title='bbox 924 1408 1001 1458; x_wconf 86' lang='lat' dir='ltr'><strong>certis</strong></span> 
     </span>
     <span class='ocr_line' id='line_1_13' title="bbox 82 1478 1001 1551; baseline -0.003 -16"><span class='ocrx_word' id='word_1_93' title='bbox 82 1483 240 1551; x_wconf 69' lang='lat' dir='ltr'><strong>¹ntipiisuou</strong></span> <span class='ocrx_word' id='word_1_94' title='bbox 251 1480 424 1533; x_wconf 81' lang='lat' dir='ltr'><strong>deduximus.</strong></span> <span class='ocrx_word' id='word_1_95' title='bbox 462 1478 541 1529; x_wconf 81' lang='lat' dir='ltr'><strong>Porro</strong></span> <span class='ocrx_word' id='word_1_96' title='bbox 551 1494 580 1529; x_wconf 88' lang='lat' dir='ltr'><strong>er</strong></span> <span class='ocrx_word' id='word_1_97' title='bbox 589 1479 630 1531; x_wconf 86' lang='lat' dir='ltr'><strong>his</strong></span> <span class='ocrx_word' id='word_1_98' title='bbox 640 1480 706 1532; x_wconf 83' lang='lat' dir='ltr'><strong>clere</strong></span> <span class='ocrx_word' id='word_1_99' title='bbox 715 1479 800 1531; x_wconf 75' lang='lat' dir='ltr'><strong>ridere</strong></span> <span class='ocrx_word' id='word_1_100' title='bbox 810 1488 863 1541; x_wconf 91' lang='lat' dir='ltr'><strong>est,</strong></span> <span class='ocrx_word' id='word_1_101' title='bbox 883 1482 962 1546; x_wconf 83' lang='lat' dir='ltr'><strong>quod,</strong></span> <span class='ocrx_word' id='word_1_102' title='bbox 978 1483 1001 1532; x_wconf 92' lang='lat' dir='ltr'><strong>si</strong></span> 
     </span>
     <span class='ocr_line' id='line_1_14' title="bbox 82 1554 1001 1623; baseline 0.001 -16"><span class='ocrx_word' id='word_1_103' title='bbox 82 1560 189 1611; x_wconf 63' lang='lat' dir='ltr'><strong>tellam</strong></span> <span class='ocrx_word' id='word_1_104' title='bbox 209 1572 303 1623; x_wconf 71' lang='lat' dir='ltr'><strong>aeque</strong></span> <span class='ocrx_word' id='word_1_105' title='bbox 317 1569 347 1606; x_wconf 84' lang='lat' dir='ltr'><strong>se</strong></span> <span class='ocrx_word' id='word_1_106' title='bbox 360 1555 440 1605; x_wconf 80' lang='lat' dir='ltr'><strong>letius</strong></span> <span class='ocrx_word' id='word_1_107' title='bbox 453 1554 599 1607; x_wconf 81' lang='lat' dir='ltr'><strong>extenderet</strong></span> <span class='ocrx_word' id='word_1_108' title='bbox 611 1570 641 1607; x_wconf 82' lang='lat' dir='ltr'><strong>ec</strong></span> <span class='ocrx_word' id='word_1_109' title='bbox 654 1556 755 1607; x_wconf 77' lang='lat' dir='ltr'><strong>volendi</strong></span> <span class='ocrx_word' id='word_1_110' title='bbox 768 1556 889 1617; x_wconf 80' lang='lat' dir='ltr'><strong>incultos,</strong></span> <span class='ocrx_word' id='word_1_111' title='bbox 909 1558 962 1608; x_wconf 79' lang='lat' dir='ltr'><strong>sire</strong></span> <span class='ocrx_word' id='word_1_112' title='bbox 978 1558 1001 1609; x_wconf 87' lang='lat' dir='ltr'><strong>si</strong></span> 
     </span>
     <span class='ocr_line' id='line_1_15' title="bbox 82 1630 999 1699; baseline -0.005 -11"><span class='ocrx_word' id='word_1_113' title='bbox 82 1634 269 1687; x_wconf 73' lang='lat' dir='ltr'><strong>thlifneultns</strong></span> <span class='ocrx_word' id='word_1_114' title='bbox 280 1646 337 1683; x_wconf 90' lang='lat' dir='ltr'><strong>non</strong></span> <span class='ocrx_word' id='word_1_115' title='bbox 350 1630 428 1681; x_wconf 81' lang='lat' dir='ltr'><strong>letius</strong></span> <span class='ocrx_word' id='word_1_116' title='bbox 441 1644 470 1681; x_wconf 82' lang='lat' dir='ltr'><strong>sc</strong></span> <span class='ocrx_word' id='word_1_117' title='bbox 485 1631 617 1683; x_wconf 80' lang='lat' dir='ltr'><strong>extendere</strong></span> <span class='ocrx_word' id='word_1_118' title='bbox 631 1640 733 1699; x_wconf 86' lang='lat' dir='ltr'><strong>posset,</strong></span> <span class='ocrx_word' id='word_1_119' title='bbox 753 1646 832 1697; x_wconf 84' lang='lat' dir='ltr'><strong>quom</strong></span> <span class='ocrx_word' id='word_1_120' title='bbox 842 1631 999 1693; x_wconf 86' lang='lat' dir='ltr'><strong>intellectus,</strong></span> 
     </span>
     <span class='ocr_line' id='line_1_16' title="bbox 82 1704 999 1778; baseline -0.001 -19"><span class='ocrx_word' id='word_1_121' title='bbox 82 1709 203 1778; x_wconf 60' lang='lat' dir='ltr'><strong>rituique</strong></span> <span class='ocrx_word' id='word_1_122' title='bbox 213 1712 240 1761; x_wconf 91' lang='lat' dir='ltr'><strong>si</strong></span> <span class='ocrx_word' id='word_1_123' title='bbox 250 1708 406 1760; x_wconf 73' lang='lat' dir='ltr'><strong>facultatem</strong></span> <span class='ocrx_word' id='word_1_124' title='bbox 415 1704 517 1757; x_wconf 77' lang='lat' dir='ltr'><strong>volendi</strong></span> <span class='ocrx_word' id='word_1_125' title='bbox 526 1707 592 1757; x_wconf 80' lang='lat' dir='ltr'><strong>intra</strong></span> <span class='ocrx_word' id='word_1_126' title='bbox 601 1707 697 1759; x_wconf 88' lang='lat' dir='ltr'><strong>limites</strong></span> <span class='ocrx_word' id='word_1_127' title='bbox 706 1707 853 1759; x_wconf 92' lang='lat' dir='ltr'><strong>intellectus</strong></span> <span class='ocrx_word' id='word_1_128' title='bbox 867 1708 999 1759; x_wconf 90' lang='lat' dir='ltr'><strong>continere</strong></span> 
     </span>
     <span class='ocr_line' id='line_1_17' title="bbox 82 1782 961 1850; baseline -0.006 -12"><span class='ocrx_word' id='word_1_129' title='bbox 82 1798 195 1847; x_wconf 68' lang='lat' dir='ltr'><strong>uenus,</strong></span> <span class='ocrx_word' id='word_1_130' title='bbox 216 1782 398 1849; x_wconf 79' lang='lat' dir='ltr'><strong>nunquamin</strong></span> <span class='ocrx_word' id='word_1_131' title='bbox 408 1795 520 1833; x_wconf 89' lang='lat' dir='ltr'><strong>errorem</strong></span> <span class='ocrx_word' id='word_1_132' title='bbox 529 1782 701 1835; x_wconf 88' lang='lat' dir='ltr'><strong>incideremus</strong></span> <span class='ocrx_word' id='word_1_133' title='bbox 711 1787 768 1849; x_wconf 90' lang='lat' dir='ltr'><strong>(per</strong></span> <span class='ocrx_word' id='word_1_134' title='bbox 777 1798 883 1850; x_wconf 90' lang='lat' dir='ltr'><strong>propos.</strong></span> <span class='ocrx_word' id='word_1_135' title='bbox 896 1784 961 1847; x_wconf 70' lang='lat' dir='ltr'><strong>tt).</strong></span> 
     </span>
     <span class='ocr_line' id='line_1_18' title="bbox 99 1858 995 1926; baseline -0.002 -15"><span class='ocrx_word' id='word_1_136' title='bbox 99 1862 191 1915; x_wconf 75' lang='lat' dir='ltr'><strong>lenm</strong></span> <span class='ocrx_word' id='word_1_137' title='bbox 202 1861 237 1911; x_wconf 79' lang='lat' dir='ltr'><strong>ad</strong></span> <span class='ocrx_word' id='word_1_138' title='bbox 248 1861 306 1911; x_wconf 91' lang='lat' dir='ltr'><strong>duo</strong></span> <span class='ocrx_word' id='word_1_139' title='bbox 316 1859 402 1926; x_wconf 78' lang='lat' dir='ltr'><strong>priore</strong></span> <span class='ocrx_word' id='word_1_140' title='bbox 411 1858 562 1925; x_wconf 71' lang='lat' dir='ltr'><strong>praestruis</strong></span> <span class='ocrx_word' id='word_1_141' title='bbox 577 1860 674 1910; x_wconf 87' lang='lat' dir='ltr'><strong>nullom</strong></span> <span class='ocrx_word' id='word_1_142' title='bbox 688 1859 814 1910; x_wconf 81' lang='lat' dir='ltr'><strong>habemus</strong></span> <span class='ocrx_word' id='word_1_143' title='bbox 828 1866 995 1923; x_wconf 66' lang='lat' dir='ltr'><strong>potestatem</strong></span> 
     </span>
     <span class='ocr_line' id='line_1_19' title="bbox 82 1934 997 2006; baseline -0.002 -19"><span class='ocrx_word' id='word_1_144' title='bbox 82 1951 112 1987; x_wconf 87' lang='grc' dir='ltr'><strong>ιι</strong></span> <span class='ocrx_word' id='word_1_145' title='bbox 124 1940 255 2006; x_wconf 77' lang='lat' dir='ltr'><strong>implicet,</strong></span> <span class='ocrx_word' id='word_1_146' title='bbox 276 1942 310 1985; x_wconf 88' lang='lat' dir='ltr'><strong>ut</strong></span> <span class='ocrx_word' id='word_1_147' title='bbox 323 1934 443 1984; x_wconf 74' lang='lat' dir='ltr'><strong>voluntas</strong></span> <span class='ocrx_word' id='word_1_148' title='bbox 458 1947 509 1984; x_wconf 92' lang='lat' dir='ltr'><strong>non</strong></span> <span class='ocrx_word' id='word_1_149' title='bbox 523 1936 557 1985; x_wconf 89' lang='lat' dir='ltr'><strong>sit</strong></span> <span class='ocrx_word' id='word_1_150' title='bbox 570 1934 683 1997; x_wconf 76' lang='lat' dir='ltr'><strong>infinito,</strong></span> <span class='ocrx_word' id='word_1_151' title='bbox 698 1944 723 1985; x_wconf 89' lang='lat' dir='ltr'><strong>ot</strong></span> <span class='ocrx_word' id='word_1_152' title='bbox 736 1936 883 1986; x_wconf 87' lang='lat' dir='ltr'><strong>intellectus</strong></span> <span class='ocrx_word' id='word_1_153' title='bbox 896 1942 997 1986; x_wconf 85' lang='lat' dir='ltr'><strong>cronius</strong></span> 
     </span>
     <span class='ocr_line' id='line_1_20' title="bbox 82 2010 998 2075; baseline -0.005 -10"><span class='ocrx_word' id='word_1_154' title='bbox 82 2012 145 2065; x_wconf 82' lang='lat' dir='ltr'><strong>titus.</strong></span> <span class='ocrx_word' id='word_1_155' title='bbox 180 2016 277 2065; x_wconf 76' lang='lat' dir='ltr'><strong>Restat</strong></span> <span class='ocrx_word' id='word_1_156' title='bbox 296 2012 376 2075; x_wconf 82' lang='lat' dir='ltr'><strong>igitur</strong></span> <span class='ocrx_word' id='word_1_157' title='bbox 394 2010 524 2060; x_wconf 87' lang='lat' dir='ltr'><strong>tertium</strong></span> <span class='ocrx_word' id='word_1_158' title='bbox 542 2011 770 2062; x_wconf 77' lang='lat' dir='ltr'><strong>considerandum:</strong></span> <span class='ocrx_word' id='word_1_159' title='bbox 796 2025 890 2075; x_wconf 85' lang='lat' dir='ltr'><strong>nempe</strong></span> <span class='ocrx_word' id='word_1_160' title='bbox 903 2026 934 2060; x_wconf 89' lang='lat' dir='ltr'><strong>on</strong></span> <span class='ocrx_word' id='word_1_161' title='bbox 949 2011 998 2061; x_wconf 86' lang='lat' dir='ltr'><strong>hn-</strong></span> 
     </span>
     <span class='ocr_line' id='line_1_21' title="bbox 82 2085 998 2155; baseline -0.007 -14"><span class='ocrx_word' id='word_1_162' title='bbox 82 2096 342 2155; x_wconf 61' lang='lat' dir='ltr'><strong>campotestnten</strong></span> <span class='ocrx_word' id='word_1_163' title='bbox 362 2085 509 2137; x_wconf 70' lang='lat' dir='ltr'><strong>facultatem</strong></span> <span class='ocrx_word' id='word_1_164' title='bbox 523 2093 636 2138; x_wconf 84' lang='lat' dir='ltr'><strong>nostrum</strong></span> <span class='ocrx_word' id='word_1_165' title='bbox 650 2087 751 2138; x_wconf 68' lang='lat' dir='ltr'><strong>uolendi</strong></span> <span class='ocrx_word' id='word_1_166' title='bbox 765 2089 832 2136; x_wconf 83' lang='lat' dir='ltr'><strong>intro</strong></span> <span class='ocrx_word' id='word_1_167' title='bbox 844 2086 941 2136; x_wconf 90' lang='lat' dir='ltr'><strong>limites</strong></span> <span class='ocrx_word' id='word_1_168' title='bbox 955 2087 998 2135; x_wconf 93' lang='lat' dir='ltr'><strong>in-</strong></span> 
     </span>
     <span class='ocr_line' id='line_1_22' title="bbox 82 2160 1000 2223; baseline -0.005 -7"><span class='ocrx_word' id='word_1_169' title='bbox 82 2162 172 2215; x_wconf 77' lang='lat' dir='ltr'><strong>tlltttus</strong></span> <span class='ocrx_word' id='word_1_170' title='bbox 180 2162 349 2216; x_wconf 87' lang='lat' dir='ltr'><strong>continendi.</strong></span> <span class='ocrx_word' id='word_1_171' title='bbox 378 2162 467 2223; x_wconf 86' lang='lat' dir='ltr'><strong>Quum</strong></span> <span class='ocrx_word' id='word_1_172' title='bbox 476 2169 561 2212; x_wconf 90' lang='lat' dir='ltr'><strong>nutem</strong></span> <span class='ocrx_word' id='word_1_173' title='bbox 571 2164 689 2214; x_wconf 76' lang='lat' dir='ltr'><strong>voluntos</strong></span> <span class='ocrx_word' id='word_1_174' title='bbox 699 2162 781 2213; x_wconf 82' lang='lat' dir='ltr'><strong>libere</strong></span> <span class='ocrx_word' id='word_1_175' title='bbox 792 2163 826 2211; x_wconf 90' lang='lat' dir='ltr'><strong>sit</strong></span> <span class='ocrx_word' id='word_1_176' title='bbox 835 2160 867 2211; x_wconf 86' lang='lat' dir='ltr'><strong>od</strong></span> <span class='ocrx_word' id='word_1_177' title='bbox 876 2176 903 2212; x_wconf 90' lang='lat' dir='ltr'><strong>sc</strong></span> <span class='ocrx_word' id='word_1_178' title='bbox 914 2161 1000 2212; x_wconf 86' lang='lat' dir='ltr'><strong>deter-</strong></span> 
     </span>
     <span class='ocr_line' id='line_1_23' title="bbox 82 2237 998 2304; baseline 0.001 -17"><span class='ocrx_word' id='word_1_179' title='bbox 82 2238 213 2301; x_wconf 65' lang='lat' dir='ltr'><strong>urum,</strong></span> <span class='ocrx_word' id='word_1_180' title='bbox 230 2239 357 2304; x_wconf 87' lang='lat' dir='ltr'><strong>sequitur</strong></span> <span class='ocrx_word' id='word_1_181' title='bbox 374 2253 422 2290; x_wconf 86' lang='lat' dir='ltr'><strong>nos</strong></span> <span class='ocrx_word' id='word_1_182' title='bbox 440 2244 590 2303; x_wconf 73' lang='lat' dir='ltr'><strong>potestatem</strong></span> <span class='ocrx_word' id='word_1_183' title='bbox 608 2238 716 2300; x_wconf 79' lang='lat' dir='ltr'><strong>habere,</strong></span> <span class='ocrx_word' id='word_1_184' title='bbox 741 2237 888 2288; x_wconf 79' lang='lat' dir='ltr'><strong>fucultatem</strong></span> <span class='ocrx_word' id='word_1_185' title='bbox 907 2252 998 2288; x_wconf 86' lang='lat' dir='ltr'><strong>ossen-</strong></span> 
     </span>
     <span class='ocr_line' id='line_1_24' title="bbox 82 2310 997 2380; baseline 0.002 -17"><span class='ocrx_word' id='word_1_186' title='bbox 82 2310 208 2367; x_wconf 75' lang='lat' dir='ltr'><strong>infiintn</strong></span> <span class='ocrx_word' id='word_1_187' title='bbox 216 2316 318 2367; x_wconf 89' lang='lat' dir='ltr'><strong>limites</strong></span> <span class='ocrx_word' id='word_1_188' title='bbox 327 2315 474 2365; x_wconf 88' lang='lat' dir='ltr'><strong>intellectus</strong></span> <span class='ocrx_word' id='word_1_189' title='bbox 484 2315 645 2375; x_wconf 89' lang='lat' dir='ltr'><strong>continendi,</strong></span> <span class='ocrx_word' id='word_1_190' title='bbox 657 2329 687 2365; x_wconf 85' lang='lat' dir='ltr'><strong>oc</strong></span> <span class='ocrx_word' id='word_1_191' title='bbox 696 2313 802 2380; x_wconf 88' lang='lat' dir='ltr'><strong>perinde</strong></span> <span class='ocrx_word' id='word_1_192' title='bbox 812 2312 948 2371; x_wconf 85' lang='lat' dir='ltr'><strong>officiendi,</strong></span> <span class='ocrx_word' id='word_1_193' title='bbox 965 2328 997 2365; x_wconf 90' lang='lat' dir='ltr'><strong>ne</strong></span> 
     </span>
     <span class='ocr_line' id='line_1_25' title="bbox 82 2389 997 2456; baseline 0.002 -17"><span class='ocrx_word' id='word_1_194' title='bbox 82 2392 374 2449; x_wconf 64' lang='lat' dir='ltr'><strong>uumrmincidumum</strong></span> <span class='ocrx_word' id='word_1_195' title='bbox 394 2390 752 2456; x_wconf 74' lang='lat' dir='ltr'><strong>undeetidentissimepotet,</strong></span> <span class='ocrx_word' id='word_1_196' title='bbox 768 2389 997 2441; x_wconf 81' lang='lat' dir='ltr'><strong>osolousuliber-</strong></span> 
     </span>
     <span class='ocr_line' id='line_1_26' title="bbox 82 2465 998 2533; baseline 0.001 -18"><span class='ocrx_word' id='word_1_197' title='bbox 82 2466 116 2517; x_wconf 82' lang='lat' dir='ltr'><strong>ttls</strong></span> <span class='ocrx_word' id='word_1_198' title='bbox 123 2466 258 2519; x_wconf 74' lang='lat' dir='ltr'><strong>mlnntetis</strong></span> <span class='ocrx_word' id='word_1_199' title='bbox 268 2465 399 2533; x_wconf 85' lang='lat' dir='ltr'><strong>pendere,</strong></span> <span class='ocrx_word' id='word_1_200' title='bbox 418 2480 451 2516; x_wconf 91' lang='lat' dir='ltr'><strong>ne</strong></span> <span class='ocrx_word' id='word_1_201' title='bbox 466 2480 580 2530; x_wconf 78' lang='lat' dir='ltr'><strong>unquam</strong></span> <span class='ocrx_word' id='word_1_202' title='bbox 595 2466 721 2517; x_wconf 77' lang='lat' dir='ltr'><strong>fallamur.</strong></span> <span class='ocrx_word' id='word_1_203' title='bbox 758 2465 833 2527; x_wconf 86' lang='lat' dir='ltr'><strong>Quod</strong></span> <span class='ocrx_word' id='word_1_204' title='bbox 849 2474 934 2516; x_wconf 87' lang='lat' dir='ltr'><strong>nutem</strong></span> <span class='ocrx_word' id='word_1_205' title='bbox 948 2481 998 2516; x_wconf 88' lang='lat' dir='ltr'><strong>no-</strong></span> 
     </span>
     <span class='ocr_line' id='line_1_27' title="bbox 82 2542 994 2608; baseline -0.002 -15"><span class='ocrx_word' id='word_1_206' title='bbox 82 2546 234 2596; x_wconf 79' lang='lat' dir='ltr'><strong>‘nvolnntes</strong></span> <span class='ocrx_word' id='word_1_207' title='bbox 251 2543 339 2595; x_wconf 82' lang='lat' dir='ltr'><strong>libera</strong></span> <span class='ocrx_word' id='word_1_208' title='bbox 356 2544 404 2604; x_wconf 82' lang='lat' dir='ltr'><strong>sit,</strong></span> <span class='ocrx_word' id='word_1_209' title='bbox 428 2542 618 2593; x_wconf 81' lang='lat' dir='ltr'><strong>demonstratur</strong></span> <span class='ocrx_word' id='word_1_210' title='bbox 636 2557 651 2592; x_wconf 89' lang='lat' dir='ltr'><strong>n</strong></span> <span class='ocrx_word' id='word_1_211' title='bbox 669 2542 782 2593; x_wconf 83' lang='lat' dir='ltr'><strong>cortesio</strong></span> <span class='ocrx_word' id='word_1_212' title='bbox 801 2543 910 2607; x_wconf 84' lang='lat' dir='ltr'><strong>princip.</strong></span> <span class='ocrx_word' id='word_1_213' title='bbox 930 2542 994 2608; x_wconf 87' lang='lat' dir='ltr'><strong>phil.</strong></span> 
     </span>
     <span class='ocr_line' id='line_1_28' title="bbox 82 2617 997 2683; baseline -0.002 -14"><span class='ocrx_word' id='word_1_214' title='bbox 82 2626 121 2669; x_wconf 86' lang='lat' dir='ltr'><strong>trt.</strong></span> <span class='ocrx_word' id='word_1_215' title='bbox 130 2622 151 2671; x_wconf 94' lang='lat' dir='ltr'><strong>l.</strong></span> <span class='ocrx_word' id='word_1_216' title='bbox 161 2628 209 2672; x_wconf 76' lang='lat' dir='ltr'><strong>art.</strong></span> <span class='ocrx_word' id='word_1_217' title='bbox 219 2622 265 2671; x_wconf 79' lang='lat'><strong>39.</strong></span> <span class='ocrx_word' id='word_1_218' title='bbox 278 2626 304 2670; x_wconf 90' lang='lat' dir='ltr'><strong>et</strong></span> <span class='ocrx_word' id='word_1_219' title='bbox 315 2618 432 2669; x_wconf 75' lang='lat' dir='ltr'><strong>meditat.</strong></span> <span class='ocrx_word' id='word_1_220' title='bbox 444 2617 475 2669; x_wconf 87' lang='lat' dir='ltr'><strong>de</strong></span> <span class='ocrx_word' id='word_1_221' title='bbox 484 2618 566 2683; x_wconf 83' lang='lat' dir='ltr'><strong>primo</strong></span> <span class='ocrx_word' id='word_1_222' title='bbox 576 2618 640 2683; x_wconf 84' lang='lat' dir='ltr'><strong>phil.</strong></span> <span class='ocrx_word' id='word_1_223' title='bbox 652 2620 696 2667; x_wconf 86' lang='lat' dir='ltr'><strong>tv.</strong></span> <span class='ocrx_word' id='word_1_224' title='bbox 709 2618 752 2681; x_wconf 90' lang='lat' dir='ltr'><strong>(de</strong></span> <span class='ocrx_word' id='word_1_225' title='bbox 761 2633 820 2669; x_wconf 77' lang='lat' dir='ltr'><strong>sero</strong></span> <span class='ocrx_word' id='word_1_226' title='bbox 830 2625 855 2669; x_wconf 89' lang='lat' dir='ltr'><strong>et</strong></span> <span class='ocrx_word' id='word_1_227' title='bbox 865 2618 952 2682; x_wconf 82' lang='lat' dir='ltr'><strong>folso),</strong></span> <span class='ocrx_word' id='word_1_228' title='bbox 972 2625 997 2667; x_wconf 90' lang='lat' dir='ltr'><strong>et</strong></span> 
     </span>
     <span class='ocr_line' id='line_1_29' title="bbox 83 2692 998 2760; baseline -0.003 -14"><span class='ocrx_word' id='word_1_229' title='bbox 83 2692 187 2747; x_wconf 78' lang='lat' dir='ltr'><strong>mbisin</strong></span> <span class='ocrx_word' id='word_1_230' title='bbox 197 2706 302 2748; x_wconf 81' lang='lat' dir='ltr'><strong>nostroe</strong></span> <span class='ocrx_word' id='word_1_231' title='bbox 313 2692 426 2760; x_wconf 78' lang='lat' dir='ltr'><strong>append.</strong></span> <span class='ocrx_word' id='word_1_232' title='bbox 438 2707 494 2758; x_wconf 84' lang='lat' dir='ltr'><strong>cop.</strong></span> <span class='ocrx_word' id='word_1_233' title='bbox 505 2694 596 2745; x_wconf 91' lang='lat' dir='ltr'><strong>ultimo</strong></span> <span class='ocrx_word' id='word_1_234' title='bbox 611 2694 667 2745; x_wconf 89' lang='lat' dir='ltr'><strong>fuse</strong></span> <span class='ocrx_word' id='word_1_235' title='bbox 681 2696 757 2744; x_wconf 81' lang='lat' dir='ltr'><strong>etiam</strong></span> <span class='ocrx_word' id='word_1_236' title='bbox 773 2694 925 2744; x_wconf 85' lang='lat' dir='ltr'><strong>ostenditur.</strong></span> <span class='ocrx_word' id='word_1_237' title='bbox 964 2694 998 2743; x_wconf 89' lang='lat' dir='ltr'><strong>Et</strong></span> 
     </span>
     <span class='ocr_line' id='line_1_30' title="bbox 82 2769 997 2835; baseline -0.001 -14"><span class='ocrx_word' id='word_1_238' title='bbox 82 2773 182 2833; x_wconf 76' lang='lat' dir='ltr'><strong>muris,</strong></span> <span class='ocrx_word' id='word_1_239' title='bbox 200 2773 247 2825; x_wconf 89' lang='lat' dir='ltr'><strong>ubi</strong></span> <span class='ocrx_word' id='word_1_240' title='bbox 259 2786 316 2823; x_wconf 88' lang='lat' dir='ltr'><strong>rem</strong></span> <span class='ocrx_word' id='word_1_241' title='bbox 328 2770 395 2821; x_wconf 83' lang='lat' dir='ltr'><strong>clare</strong></span> <span class='ocrx_word' id='word_1_242' title='bbox 405 2776 429 2821; x_wconf 88' lang='lat' dir='ltr'><strong>et</strong></span> <span class='ocrx_word' id='word_1_243' title='bbox 439 2769 558 2820; x_wconf 90' lang='lat' dir='ltr'><strong>distincte</strong></span> <span class='ocrx_word' id='word_1_244' title='bbox 569 2771 740 2835; x_wconf 81' lang='lat' dir='ltr'><strong>percipimus,</strong></span> <span class='ocrx_word' id='word_1_245' title='bbox 761 2784 812 2819; x_wconf 91' lang='lat' dir='ltr'><strong>non</strong></span> <span class='ocrx_word' id='word_1_246' title='bbox 827 2770 959 2834; x_wconf 86' lang='lat' dir='ltr'><strong>possimus</strong></span> <span class='ocrx_word' id='word_1_247' title='bbox 973 2770 997 2820; x_wconf 90' lang='lat' dir='ltr'><strong>ei</strong></span> 
     </span>
     <span class='ocr_line' id='line_1_31' title="bbox 82 2845 997 2911; baseline -0.003 -13"><span class='ocrx_word' id='word_1_248' title='bbox 82 2850 246 2911; x_wconf 64' lang='lat' dir='ltr'><strong>sementim</strong></span> <span class='ocrx_word' id='word_1_249' title='bbox 267 2847 433 2900; x_wconf 73' lang='lat' dir='ltr'><strong>necessarius</strong></span> <span class='ocrx_word' id='word_1_250' title='bbox 442 2846 491 2896; x_wconf 90' lang='lat' dir='ltr'><strong>iste</strong></span> <span class='ocrx_word' id='word_1_251' title='bbox 500 2860 622 2896; x_wconf 81' lang='lat' dir='ltr'><strong>assensus</strong></span> <span class='ocrx_word' id='word_1_252' title='bbox 632 2860 683 2895; x_wconf 93' lang='lat' dir='ltr'><strong>non</strong></span> <span class='ocrx_word' id='word_1_253' title='bbox 693 2845 725 2895; x_wconf 85' lang='lat' dir='ltr'><strong>ob</strong></span> <span class='ocrx_word' id='word_1_254' title='bbox 740 2845 901 2905; x_wconf 77' lang='lat' dir='ltr'><strong>infirmitate,</strong></span> <span class='ocrx_word' id='word_1_255' title='bbox 922 2846 997 2896; x_wconf 82' lang='lat' dir='ltr'><strong>sedo</strong></span> 
     </span>
     <span class='ocr_line' id='line_1_32' title="bbox 82 2921 996 2992; baseline 0 -19"><span class='ocrx_word' id='word_1_256' title='bbox 82 2921 111 2973; x_wconf 74' lang='lat' dir='ltr'><strong>ur</strong></span> <span class='ocrx_word' id='word_1_257' title='bbox 121 2922 234 2977; x_wconf 68' lang='lat' dir='ltr'><strong>libertate</strong></span> <span class='ocrx_word' id='word_1_258' title='bbox 249 2932 277 2976; x_wconf 88' lang='lat' dir='ltr'><strong>et</strong></span> <span class='ocrx_word' id='word_1_259' title='bbox 288 2922 450 2992; x_wconf 78' lang='lat' dir='ltr'><strong>perfectione</strong></span> <span class='ocrx_word' id='word_1_260' title='bbox 465 2928 565 2972; x_wconf 88' lang='lat' dir='ltr'><strong>nostroe</strong></span> <span class='ocrx_word' id='word_1_261' title='bbox 579 2921 717 2972; x_wconf 80' lang='lat' dir='ltr'><strong>voluntatis</strong></span> <span class='ocrx_word' id='word_1_262' title='bbox 731 2921 834 2986; x_wconf 89' lang='lat' dir='ltr'><strong>pendet.</strong></span> <span class='ocrx_word' id='word_1_263' title='bbox 870 2923 936 2972; x_wconf 76' lang='lat' dir='ltr'><strong>Nom</strong></span> <span class='ocrx_word' id='word_1_264' title='bbox 953 2936 996 2973; x_wconf 83' lang='lat' dir='ltr'><strong>os-</strong></span> 
     </span>
     <span class='ocr_line' id='line_1_33' title="bbox 82 2997 996 3064; baseline -0.002 -15"><span class='ocrx_word' id='word_1_265' title='bbox 82 3000 293 3053; x_wconf 78' lang='lat' dir='ltr'><strong>tntitireroestin</strong></span> <span class='ocrx_word' id='word_1_266' title='bbox 303 2998 383 3050; x_wconf 85' lang='lat' dir='ltr'><strong>nobis</strong></span> <span class='ocrx_word' id='word_1_267' title='bbox 392 2997 515 3064; x_wconf 89' lang='lat' dir='ltr'><strong>perfectio</strong></span> <span class='ocrx_word' id='word_1_268' title='bbox 530 3000 570 3063; x_wconf 88' lang='lat' dir='ltr'><strong>(ut</strong></span> <span class='ocrx_word' id='word_1_269' title='bbox 579 3012 625 3062; x_wconf 90' lang='lat' dir='ltr'><strong>per</strong></span> <span class='ocrx_word' id='word_1_270' title='bbox 633 3011 661 3047; x_wconf 88' lang='lat' dir='ltr'><strong>se</strong></span> <span class='ocrx_word' id='word_1_271' title='bbox 676 2998 738 3047; x_wconf 85' lang='lat' dir='ltr'><strong>sotis</strong></span> <span class='ocrx_word' id='word_1_272' title='bbox 752 2999 870 3061; x_wconf 82' lang='lat' dir='ltr'><strong>notum),</strong></span> <span class='ocrx_word' id='word_1_273' title='bbox 889 3012 936 3049; x_wconf 93' lang='lat' dir='ltr'><strong>nec</strong></span> <span class='ocrx_word' id='word_1_274' title='bbox 949 3012 996 3047; x_wconf 83' lang='lat' dir='ltr'><strong>vo-</strong></span> 
     </span>
     <span class='ocr_line' id='line_1_34' title="bbox 82 3072 997 3145; baseline -0.002 -20"><span class='ocrx_word' id='word_1_275' title='bbox 82 3082 140 3127; x_wconf 74' lang='lat' dir='ltr'><strong>ntas</strong></span> <span class='ocrx_word' id='word_1_276' title='bbox 146 3092 259 3144; x_wconf 77' lang='lat' dir='ltr'><strong>nnqmm</strong></span> <span class='ocrx_word' id='word_1_277' title='bbox 268 3074 412 3145; x_wconf 77' lang='lat' dir='ltr'><strong>perfectior</strong></span> <span class='ocrx_word' id='word_1_278' title='bbox 421 3080 461 3123; x_wconf 87' lang='lat' dir='ltr'><strong>est</strong></span> <span class='ocrx_word' id='word_1_279' title='bbox 470 3087 517 3123; x_wconf 90' lang='lat' dir='ltr'><strong>nec</strong></span> <span class='ocrx_word' id='word_1_280' title='bbox 525 3075 607 3139; x_wconf 80' lang='lat' dir='ltr'><strong>magis</strong></span> <span class='ocrx_word' id='word_1_281' title='bbox 616 3072 705 3133; x_wconf 82' lang='lat' dir='ltr'><strong>libero,</strong></span> <span class='ocrx_word' id='word_1_282' title='bbox 713 3088 789 3138; x_wconf 88' lang='lat' dir='ltr'><strong>quom</strong></span> <span class='ocrx_word' id='word_1_283' title='bbox 799 3089 880 3138; x_wconf 90' lang='lat' dir='ltr'><strong>quum</strong></span> <span class='ocrx_word' id='word_1_284' title='bbox 887 3088 914 3123; x_wconf 86' lang='lat' dir='ltr'><strong>se</strong></span> <span class='ocrx_word' id='word_1_285' title='bbox 922 3087 997 3139; x_wconf 85' lang='lat' dir='ltr'><strong>pror-</strong></span> 
     </span>
     <span class='ocr_line' id='line_1_35' title="bbox 82 3148 996 3215; baseline 0 -16"><span class='ocrx_word' id='word_1_286' title='bbox 82 3150 262 3207; x_wconf 73' lang='lat' dir='ltr'><strong>rsdeterminat.</strong></span> <span class='ocrx_word' id='word_1_287' title='bbox 303 3151 383 3215; x_wconf 86' lang='lat' dir='ltr'><strong>Quod</strong></span> <span class='ocrx_word' id='word_1_288' title='bbox 393 3164 476 3213; x_wconf 86' lang='lat' dir='ltr'><strong>quum</strong></span> <span class='ocrx_word' id='word_1_289' title='bbox 487 3150 632 3213; x_wconf 79' lang='lat' dir='ltr'><strong>contingere</strong></span> <span class='ocrx_word' id='word_1_290' title='bbox 642 3155 739 3215; x_wconf 84' lang='lat' dir='ltr'><strong>potest,</strong></span> <span class='ocrx_word' id='word_1_291' title='bbox 758 3149 803 3199; x_wconf 90' lang='lat' dir='ltr'><strong>ubi</strong></span> <span class='ocrx_word' id='word_1_292' title='bbox 814 3164 887 3200; x_wconf 88' lang='lat' dir='ltr'><strong>mens</strong></span> <span class='ocrx_word' id='word_1_293' title='bbox 897 3148 996 3212; x_wconf 76' lang='lat' dir='ltr'><strong>aliquid</strong></span> 
     </span>
     <span class='ocr_line' id='line_1_36' title="bbox 82 3222 996 3291; baseline -0.002 -14"><span class='ocrx_word' id='word_1_294' title='bbox 82 3222 123 3277; x_wconf 67' lang='lat' dir='ltr'><strong>be</strong></span> <span class='ocrx_word' id='word_1_295' title='bbox 134 3237 156 3281; x_wconf 85' lang='lat' dir='ltr'><strong>et</strong></span> <span class='ocrx_word' id='word_1_296' title='bbox 169 3230 293 3284; x_wconf 86' lang='lat' dir='ltr'><strong>distincte</strong></span> <span class='ocrx_word' id='word_1_297' title='bbox 311 3226 451 3290; x_wconf 75' lang='lat' dir='ltr'><strong>intelligit,</strong></span> <span class='ocrx_word' id='word_1_298' title='bbox 471 3226 613 3275; x_wconf 82' lang='lat' dir='ltr'><strong>necessario</strong></span> <span class='ocrx_word' id='word_1_299' title='bbox 632 3239 687 3277; x_wconf 83' lang='lat' dir='ltr'><strong>eom</strong></span> <span class='ocrx_word' id='word_1_300' title='bbox 706 3224 889 3291; x_wconf 83' lang='lat' dir='ltr'><strong>perfectionem</strong></span> <span class='ocrx_word' id='word_1_301' title='bbox 907 3223 996 3275; x_wconf 79' lang='lat' dir='ltr'><strong>stetim</strong></span> 
     </span>
     <span class='ocr_line' id='line_1_37' title="bbox 82 3297 995 3375; baseline 0 -24"><span class='ocrx_word' id='word_1_302' title='bbox 82 3300 176 3358; x_wconf 73' lang='lat' dir='ltr'><strong>utnon</strong></span> <span class='ocrx_word' id='word_1_303' title='bbox 185 3311 244 3375; x_wconf 89' lang='lat' dir='ltr'><strong>(per</strong></span> <span class='ocrx_word' id='word_1_304' title='bbox 252 3322 295 3359; x_wconf 81' lang='lat' dir='ltr'><strong>nr.</strong></span> <span class='ocrx_word' id='word_1_305' title='bbox 308 3305 360 3361; x_wconf 71' lang='lat' dir='ltr'><strong>iul.</strong></span> <span class='ocrx_word' id='word_1_306' title='bbox 400 3302 487 3362; x_wconf 85' lang='lat' dir='ltr'><strong>Quare</strong></span> <span class='ocrx_word' id='word_1_307' title='bbox 496 3301 570 3365; x_wconf 80' lang='lat' dir='ltr'><strong>longe</strong></span> <span class='ocrx_word' id='word_1_308' title='bbox 580 3300 661 3361; x_wconf 86' lang='lat' dir='ltr'><strong>obest,</strong></span> <span class='ocrx_word' id='word_1_309' title='bbox 682 3308 711 3350; x_wconf 90' lang='lat' dir='ltr'><strong>ut</strong></span> <span class='ocrx_word' id='word_1_310' title='bbox 719 3315 764 3366; x_wconf 91' lang='lat' dir='ltr'><strong>per</strong></span> <span class='ocrx_word' id='word_1_311' title='bbox 773 3302 798 3351; x_wconf 89' lang='lat' dir='ltr'><strong>id</strong></span> <span class='ocrx_word' id='word_1_312' title='bbox 809 3297 878 3364; x_wconf 82' lang='lat' dir='ltr'><strong>quod</strong></span> <span class='ocrx_word' id='word_1_313' title='bbox 889 3299 995 3351; x_wconf 87' lang='lat' dir='ltr'><strong>minime</strong></span> 
     </span>
     <span class='ocr_line' id='line_1_38' title="bbox 82 3373 995 3443; baseline 0 -12"><span class='ocrx_word' id='word_1_314' title='bbox 82 3376 217 3437; x_wconf 68' lang='lat' dir='ltr'><strong>dioecetes</strong></span> <span class='ocrx_word' id='word_1_315' title='bbox 229 3386 320 3437; x_wconf 84' lang='lat' dir='ltr'><strong>simus</strong></span> <span class='ocrx_word' id='word_1_316' title='bbox 336 3382 364 3431; x_wconf 90' lang='lat' dir='ltr'><strong>in</strong></span> <span class='ocrx_word' id='word_1_317' title='bbox 380 3375 559 3443; x_wconf 75' lang='lat' dir='ltr'><strong>amplectendo</strong></span> <span class='ocrx_word' id='word_1_318' title='bbox 573 3391 646 3437; x_wconf 76' lang='lat' dir='ltr'><strong>vero,</strong></span> <span class='ocrx_word' id='word_1_319' title='bbox 666 3390 713 3426; x_wconf 94' lang='lat' dir='ltr'><strong>nos</strong></span> <span class='ocrx_word' id='word_1_320' title='bbox 727 3377 814 3427; x_wconf 87' lang='lat' dir='ltr'><strong>minus</strong></span> <span class='ocrx_word' id='word_1_321' title='bbox 827 3373 923 3427; x_wconf 90' lang='lat' dir='ltr'><strong>liberos</strong></span> <span class='ocrx_word' id='word_1_322' title='bbox 937 3388 995 3431; x_wconf 80' lang='lat' dir='ltr'><strong>esso</strong></span> 
     </span>
    </p>
   </div>
   <div class='ocr_carea' id='block_1_3' title="bbox 94 3454 817 3516">
    <p class='ocr_par' dir='ltr' id='par_1_3' title="bbox 94 3454 817 3516">
     <span class='ocr_line' id='line_1_39' title="bbox 94 3454 817 3516; baseline 0.006 -7"><span class='ocrx_word' id='word_1_323' title='bbox 94 3454 171 3513; x_wconf 62' lang='lat' dir='ltr'><strong>⁸illuto</strong></span> <span class='ocrx_word' id='word_1_324' title='bbox 181 3469 200 3513; x_wconf 72' lang='lat' dir='ltr'><strong>l,</strong></span> <span class='ocrx_word' id='word_1_325' title='bbox 800 3465 817 3516; x_wconf 52' lang='lat' dir='ltr'><strong>,f</strong></span> 
     </span>
    </p>
   </div>
   <div class='ocr_carea' id='block_1_4' title="bbox 0 0 1162 3786">
    <p class='ocr_par' dir='ltr' id='par_1_4' title="bbox 0 0 1162 3786">
     <span class='ocr_line' id='line_1_40' title="bbox 0 0 1162 3786; baseline 0 0"><span class='ocrx_word' id='word_1_326' title='bbox 0 0 1162 3786; x_wconf 95' lang='lat' dir='ltr'><strong> </strong></span> 
     </span>
    </p>
   </div>
  </div>
 </body>
</html>
