2316 3786
67 564 75 573 ν
236 495 278 555 ⁴0
385 497 619 543 rnrnoreronun
640 498 875 543 rnuosornuo
894 498 1028 545 canuno.

236 674 337 728 Deinde
350 675 453 738 nescio,
472 688 506 726 en
523 674 605 725 mrior
622 674 657 725 sit
668 670 742 725 labor
753 670 942 737 substantium,
961 686 1042 739 quom
1090 694 1094 710 ·
1111 678 1156 715 lu·

237 765 322 803 oreore
333 751 397 818 (sive
406 750 583 815 conservare),
603 748 652 801 hoe
661 756 711 811 est,
730 755 760 799 ut
769 749 863 800 clarius
873 756 900 802 et
906 751 990 815 megin
999 748 1065 816 plril
1094 775 1096 789 ·
1136 779 1155 788 »

236 826 342 892 loquer,
362 828 464 888 nescio,
483 824 976 890 onsubstantienonindigeattotesuu
988 826 1084 879 virtute
1095 832 1123 879 et
1141 861 1143 866 ,

237 906 334 965 sentia,
353 917 442 969 quase
452 902 673 963 iortecenservet,
692 900 1108 955 udeouscrrnndnsurettribntr.
1133 913 1134 916 ’

236 979 501 1045 hncerelinqunmus,
521 985 547 1028 et
556 992 621 1042 quae
632 976 812 1029 nobilissimus
820 986 910 1029 nuotor
923 977 966 1030 hie
979 976 1050 1041 ruit,
1069 976 1099 1029 ul
1117 1013 1120 1020 ψ
1144 1003 1145 1012 ,

237 1058 423 1117 examinemuS,
442 1053 559 1104 videlicet
568 1053 632 1119 qnid
640 1055 785 1121 perfacile,
797 1053 860 1118 quid
870 1068 916 1119 per
924 1054 1031 1121 dwicile
1039 1054 1070 1105 in
1081 1076 1090 1096 ε
1117 1054 1141 1111 'a
1153 1076 1154 1081 ¹

236 1133 294 1184 Non
304 1140 368 1199 puto
379 1145 427 1181 nec
436 1130 499 1179 milri
513 1129 565 1179 ullo
580 1129 656 1181 modo
671 1129 827 1195 persuadeo,
847 1143 908 1180 eum
920 1144 967 1197 per
979 1129 1089 1197 difficile
1101 1130 1129 1181 in
1147 1165 1148 1168 η

236 1208 315 1274 ligere
331 1207 358 1257 id
372 1206 442 1272 quod
457 1204 615 1271 impossibile
631 1206 672 1271 (ec
681 1204 789 1271 proinde
800 1204 870 1256 uuile
881 1204 959 1257 modo
967 1212 1056 1272 potest

237 1282 370 1350 quomodo
385 1282 456 1347 int),
482 1287 507 1332 et
519 1282 659 1348 perfacile
675 1281 701 1332 id
719 1281 790 1347 quod
804 1280 902 1332 nollem
915 1281 1030 1349 implicet
1049 1296 1099 1335 eon
1145 1308 1146 1322 π

238 1360 350 1412 ctionem
361 1360 402 1424 (nc
411 1357 519 1423 preinde
529 1357 602 1409 iuciie
612 1358 770 1424 coneipitur,
790 1357 1001 1424 quomodoliot);
1021 1358 1141 1425 quemvis

237 1434 328 1487 medii.
339 1433 371 1484 dc
380 1435 462 1500 prime
472 1432 535 1499 phil.
547 1436 596 1485 ΙΙΙ.
606 1434 689 1499 primo
700 1433 793 1485 obtutu
802 1433 829 1484 id
842 1433 957 1485 ridentur
969 1433 1049 1498 velle,
1068 1434 1118 1487 ubl
1152 1447 1154 1476 l

239 1511 297 1563 Nec
305 1516 404 1577 putare
419 1511 512 1572 debeo,
532 1510 696 1574 illusorem,
716 1510 973 1575 qrcaomila‘dcrunt,
992 1508 1130 1577 difficiliter
1152 1545 1153 1548 =

238 1590 403 1655 quiriacae,
415 1602 494 1652 arcam
505 1587 552 1635 illa
562 1602 630 1652 qrtae
640 1588 694 1635 iam
703 1588 731 1635 r‘rt
739 1600 780 1635 mc
790 1590 859 1636 eunt.
887 1584 958 1638 Nom
966 1591 1060 1637 contrua
1069 1604 1117 1639 mu
1131 1615 1142 1644 η
1157 1605 1158 1608 ’

237 1668 308 1714 etam
316 1668 355 1712 ert
365 1663 442 1727 longe
452 1662 685 1727 diffieiliucfiee‘uu
697 1678 747 1722 me,
763 1663 811 1711 lroc
820 1666 868 1724 eet,
877 1678 933 1712 rear
942 1664 997 1712 eree
1005 1664 1109 1715 rabel
1133 1666 1141 1679 ¹
1153 1695 1156 1702 ·

241 1741 403 1804 cogitantem
413 1740 538 1788 ennilrilo
549 1754 697 1803 emergere,
709 1753 787 1803 quarn
798 1743 848 1789 ele.
884 1740 950 1790 Nom
959 1738 986 1789 id
995 1753 1044 1789 nee
1052 1753 1115 1792 cum
1146 1773 1154 1782 ν

237 1812 280 1865 his
289 1815 401 1865 auctoris
411 1814 569 1876 conveniret,
590 1828 636 1865 nec
651 1814 728 1864 etiarn
743 1815 799 1863 eius
812 1814 944 1880 ingenium
959 1814 1096 1869 redoleret.
1143 1825 1150 1858 1

239 1890 323 1950 enim,
343 1896 371 1940 ut
389 1891 502 1955 primurn
516 1890 647 1951 omitum,
667 1890 733 1940 inter
751 1890 874 1954 possibile
893 1898 918 1942 et
932 1891 1109 1958 impossibile,
1132 1914 1144 1936 e

238 1967 306 2016 inter
315 1965 340 2015 id
351 1965 421 2031 quod
430 1965 590 2031 intelligibile
601 1973 654 2027 est,
673 1974 698 2016 et
707 1966 774 2016 inter
783 1965 810 2016 id
819 1966 889 2031 qued
899 1982 951 2018 non
960 1967 1124 2034 intelligibile

238 2041 309 2093 nullu
318 2041 393 2092 datur
403 2042 482 2103 relic,
493 2040 569 2091 sicuti
580 2056 664 2105 neque
674 2043 740 2091 inter
749 2042 848 2107 aliquid
858 2050 883 2094 et
892 2042 969 2104 nihil;
990 2050 1016 2095 et
1024 2050 1143 2109 potesta

238 2116 408 2183 impossibilia
419 2132 470 2169 non
481 2119 563 2183 magis
573 2117 693 2182 quadrat,
713 2133 792 2182 quern
807 2120 900 2170 creatio
912 2120 1077 2184 etgeneretio
1087 2118 1122 2172 ed
1137 2147 1140 2164 ·
1154 2145 1156 2160 ι

238 2196 320 2247 entia:
340 2194 451 2259 ideoque
461 2194 532 2244 nullo
543 2193 619 2244 inodo
629 2194 696 2243 inter
705 2209 733 2244 sc
747 2195 927 2260 cernpurendu.
964 2194 1039 2246 Adue
1054 2194 1128 2261 quod
1146 2203 1158 2239 n

240 2277 339 2322 tuntum
354 2272 420 2322 inter
429 2286 456 2323 se
467 2285 614 2337 comparare
624 2276 649 2321 et
659 2285 749 2321 eorurn
759 2272 883 2322 rationem
893 2284 1047 2337 cognoscere
1060 2286 1153 2339 possm

239 2361 350 2411 quornm
364 2348 482 2397 omnium
495 2347 592 2398 clarum
607 2354 632 2397 et
648 2347 799 2398 distinctum
813 2347 895 2398 habeo
908 2354 1073 2413 conceptum.
1110 2350 1135 2401 N
1155 2374 1158 2406 2

240 2422 416 2487 igilurscqui,
436 2423 506 2486 quod
516 2424 561 2487 qni
571 2431 656 2488 potest
666 2422 828 2489 impossibile
838 2424 935 2487 secere,
954 2425 1037 2490 possit
1047 2425 1127 2477 etiarn
1149 2439 1154 2464 ν’

240 2511 295 2548 cere
305 2497 346 2558 id,
366 2496 435 2561 quod
449 2498 572 2563 possibile
587 2505 635 2550 esi.
671 2498 775 2561 Quaeso
790 2500 873 2563 enirn,
894 2508 1107 2569 quoenamlesset
1118 2500 1152 2553 lie

240 2572 386 2625 conclusio:
413 2574 467 2635 „Si
481 2575 540 2638 qnis
558 2581 643 2639 petest
656 2574 738 2626 lucere
753 2575 880 2626 circulum
898 2576 1068 2641 quadratum,
1087 2584 1134 2643 pol
1157 2607 1158 2619 κ

240 2649 316 2699 elium
327 2648 408 2699 lucere
419 2648 559 2710 circulum,
580 2651 654 2700 ouius
664 2665 754 2701 ornnes
763 2652 860 2713 linere,
880 2668 945 2718 quere
961 2668 976 2704 a
989 2659 1079 2704 centro
1089 2651 1123 2704 ed

239 2723 434 2775 eumierenliem
445 2731 555 2790 possunt
565 2724 635 2787 duci,
655 2727 873 2793 sinlecqunles;“
892 2736 951 2780 aut:
969 2729 1158 2795 „siquispot

239 2800 321 2851 lucere
336 2807 364 2850 ul
382 2798 412 2849 τὸ
426 2801 494 2850 niati
506 2802 632 2867 periatur,
651 2818 734 2868 coque
749 2805 788 2856 uti
802 2812 924 2870 tanquam
939 2806 1060 2869 materie,
1084 2819 1115 2857 ex
1139 2830 1142 2848 ·

239 2875 486 2942 aliquidproducnt,
506 2878 582 2927 etiarn
597 2877 701 2929 habebit
716 2887 885 2945 potestatem,
905 2888 935 2931 ut
948 2895 978 2933 er
991 2880 1079 2947 eliqua
1092 2896 1121 2933 re
1139 2919 1141 2924 .
1157 2894 1158 2923 l

241 2951 306 3019 qnid
323 2951 426 3002 leoinl.”
461 2954 541 3013 Num,
560 2955 600 3004 uti
618 2954 682 3017 diri,
702 2956 769 3008 inter
785 2956 848 3008 lineo
867 2964 892 3008 et
910 2956 1005 3010 similia
1019 2958 1092 3010 nulle
1106 2958 1151 3011 det

240 3028 431 3089 convenientin,
459 3042 544 3093 neque
563 3031 691 3097 analogia,
720 3047 804 3097 neque
823 3034 992 3100 comparatio,
1021 3048 1108 3103 neque
1138 3042 1158 3077 ‚r

239 3118 420 3171 quoecumque
431 3104 503 3154 rullo.
540 3106 627 3173 Atque
637 3108 686 3158 hoo
697 3109 879 3174 unusquisque
888 3110 973 3163 ridere
982 3116 1084 3176 potest,
1104 3126 1143 3163 m·
1156 3134 1158 3153 ι

240 3180 340 3233 adrem
354 3181 582 3247 pnrumettendet.
619 3182 705 3245 Quare
722 3183 771 3235 hec
790 3183 822 3235 rb
836 3186 939 3251 ingenio
954 3187 1063 3239 carleoli
1075 3201 1124 3255 pro
1142 3210 1146 3230 1

240 3257 353 3309 alienum
372 3257 499 3307 existimo.
540 3259 638 3309 Verum
660 3259 683 3309 ei
701 3258 733 3310 ed
750 3259 895 3311 secundum
913 3263 1012 3314 onoma
1030 3278 1061 3315 ex
1080 3262 1151 3316 duob

240 3332 538 3396 modoallrtisnltcndo,
558 3333 672 3396 ridetur,
691 3336 1092 3405 quodperaeairaeldrfflcilim
1105 3340 1158 3393 ln·

240 3406 319 3475 lissere
337 3409 391 3461 ruit
410 3407 437 3459 id
450 3409 521 3476 qued
533 3409 674 3477 perionius
688 3419 740 3477 esi,
760 3428 806 3480 per
819 3417 906 3465 mrtem
919 3428 979 3467 vero
993 3415 1143 3483 etfacilirer
