2316 3786
511 472 598 519 rm
616 476 652 521 ll.
873 478 880 497 ¹
1015 488 1053 547 6¹

190 650 369 716 PROPOS.
388 651 443 715 lll.
489 650 656 732 Repugnat
672 660 705 715 ut
722 655 809 717 detur
826 679 958 724 vanuum.

159 762 310 816 hortm.
351 765 407 816 Per
419 775 535 815 vacuum
548 759 704 827 intelligitur
717 766 832 817 extensio
842 766 899 820 siue
908 770 1054 826 substantia

125 848 208 903 rupim
217 842 277 907 [per
286 838 347 893 (lei.
359 840 414 905 5.),
433 838 485 891 lton
500 842 543 889 est
556 838 616 904 (por
628 852 735 905 propos.
746 842 773 892 2.
783 841 877 909 huius)
891 858 987 911 corpus
996 850 1054 900 sino

122 928 207 981 upon,
224 916 301 983 quod
311 922 358 967 est
366 912 527 967 absurdum.

150 992 184 1043 Ad
197 996 359 1045 Morem
376 997 470 1043 nutem
488 989 696 1059 explicationem
715 996 744 1042 et
757 993 796 1044 mi
806 995 1006 1061 praeiudicium
1020 999 1053 1049 do

115 1080 175 1118 toruo
186 1069 389 1121 enatandum
403 1067 532 1132 leguntur
549 1064 664 1118 Gnrtrrff
671 1070 761 1134 prino.
776 1071 845 1137 pitt.
856 1076 933 1137 port.
948 1072 982 1122 ΙΙ.
997 1078 1051 1124 nrt.

116 1140 230 1207 ttetttt„
241 1144 584 1211 ubiprneoipuonototur,
603 1142 807 1211 prodromum-a„
826 1149 1054 1213 interponentitt

113 1220 240 1283 meet,
261 1221 424 1271 necessario
437 1234 466 1269 ro
478 1222 571 1269 munao
586 1222 712 1283 tangant,
732 1226 760 1271 et
773 1223 869 1283 otiam,
889 1223 961 1288 quod
972 1224 1053 1274 nitito·

112 1294 178 1347 dire
185 1302 238 1347 aiut
242 1298 449 1364 proprietates.

108 1442 268 1513 Piloros,
288 1448 347 1510 lV.
395 1444 463 1509 Una
485 1466 556 1527 pars
579 1448 710 1528 corporis
729 1470 785 1510 non
804 1452 900 1511 maius
918 1452 1048 1531 spatium

172 1550 308 1623 occupat
327 1561 390 1601 nnn
407 1540 489 1613 vico,
511 1560 598 1620 quam
616 1541 690 1614 alia,
708 1548 740 1603 ot
758 1550 861 1605 contra
879 1544 958 1603 idom
976 1564 1049 1622 spa·

171 1640 245 1697 tium
260 1657 327 1697 una
339 1636 409 1694 riou
422 1653 480 1693 non
494 1633 565 1714 plus
577 1637 709 1715 oorporis
718 1636 862 1708 continet,
878 1656 966 1715 quam
981 1636 1048 1697 alia.

146 1742 317 1796 lutosus-rt.
351 1742 473 1808 Spatium
482 1749 508 1794 et
518 1756 611 1809 eorpus
619 1744 746 1795 inronon
756 1742 879 1795 differunt
889 1746 948 1810 (per
956 1743 1046 1795 coroll.

107 1830 164 1883 prop.
174 1822 199 1870 2.
210 1820 323 1878 lunius).
348 1820 419 1883 Ergo
429 1832 511 1884 quum
521 1818 641 1880 dicimus,
652 1822 765 1885 spatium
775 1834 827 1871 una
837 1822 891 1870 tice
901 1834 953 1870 uon
964 1820 1048 1869 maius

107 1904 150 1947 rst.
166 1912 244 1961 quarn
258 1896 314 1946 alia
330 1897 391 1961 (per
399 1910 438 1945 ar.
451 1896 522 1957 tam,
542 1895 620 1945 simul
635 1896 760 1957 dicimus,
781 1910 877 1961 corpus
897 1910 949 1945 nou
969 1910 1047 1960 posse

107 1972 177 2023 mins
189 1987 264 2033 osse,
286 1971 340 2021 hoc
355 1977 411 2033 est,
431 1973 516 2022 maius
533 1972 644 2036 spatium
664 1986 790 2039 occuparo
808 1986 861 2022 una
879 1973 948 2031 tire,
968 1984 1047 2035 quam

107 2046 158 2105 ilia:
175 2048 245 2114 quod
260 2054 321 2098 erat
335 2049 460 2113 primum.
497 2048 576 2097 Porro
590 2062 619 2097 er
632 2048 690 2109 hoe,
710 2048 780 2112 quod
795 2048 908 2113 spatium
918 2054 1047 2111 otoorpus

108 2122 132 2171 in
141 2140 165 2175 re
176 2142 227 2177 nou
241 2124 389 2181 differunt.
409 2123 540 2189 sequitur,
560 2137 640 2186 quum
656 2123 783 2185 dicimus,
804 2136 899 2188 corpus
909 2137 960 2172 non
970 2136 1047 2186 posso

113 2202 185 2251 usius
192 2204 308 2267 spatium
319 2214 448 2265 occupare
464 2214 514 2249 una
528 2200 596 2260 rice,
617 2213 695 2264 quam
710 2200 775 2259 alia,
794 2215 843 2249 nos
858 2199 936 2249 simul
951 2198 1045 2259 dicore,

119 2272 176 2323 lirin
186 2280 294 2343 spatium
310 2291 365 2327 non
380 2276 440 2343 plus
454 2278 569 2341 corporis
582 2289 659 2342 posse
673 2277 805 2326 continere
819 2290 870 2325 una
879 2277 949 2336 vico,
969 2290 1046 2339 quam

116 2348 170 2407 alit:
185 2356 280 2417 aad.

152 2444 346 2499 cunnum.
384 2446 496 2511 Corpora
511 2460 576 2510 quae
590 2445 697 2511 aequale
706 2446 817 2511 spatium
828 2452 968 2510 occupant,
985 2452 1047 2510 puta

108 2532 188 2572 tuum
200 2531 227 2573 rt
238 2529 301 2583 atr,
323 2535 407 2585 oeque
416 2522 528 2572 multum
539 2524 659 2573 materiae
672 2523 725 2573 siun
735 2520 895 2573 substantiae
910 2535 1046 2587 corporeae

109 2592 201 2647 inem

150 2690 321 2743 uranum.
361 2686 512 2739 Substantia
531 2705 651 2756 corporea
670 2705 722 2741 non
741 2692 767 2741 iu
786 2691 879 2742 duritia
897 2706 921 2742 e.
937 2706 962 2753 p.
978 2692 1044 2751 auri,

108 2776 183 2828 mque
196 2768 222 2817 in
235 2766 351 2817 mollitie
364 2779 389 2816 e.
404 2781 429 2831 g.
445 2767 527 2827 atris,
547 2780 631 2831 nequo
645 2767 671 2817 in
684 2765 736 2817 ullu
747 2767 882 2817 sensilium
893 2768 1046 2833 qualitatum

111 2842 161 2905 iper
168 2856 271 2908 propos.
286 2843 310 2893 l.
321 2842 430 2907 lunius);
449 2842 496 2893 sed
511 2843 538 2893 in
553 2842 607 2894 sola
621 2844 769 2894 extensione
784 2845 901 2893 consistit
917 2846 1047 2909 (perpro-

110 2928 160 2979 pos.
171 2920 197 2967 2.
207 2918 310 2984 liuius).
350 2918 441 2980 Quum
454 2926 541 2970 autern
558 2921 599 2985 (er
608 2918 729 2986 hypoth.)
744 2919 896 2970 tantundem
907 2922 983 2985 spatii
992 2924 1045 2972 siro

112 2998 161 3057 iper
167 2994 216 3045 del.
227 2996 268 3060 i.)
280 2995 441 3046 extensionis
451 2996 487 3046 sit
496 2997 522 3045 in
532 3010 601 3057 uuo,
621 3010 699 3061 quam
709 2996 735 3046 in
746 2995 809 3055 alio;
830 3010 889 3061 orgo
899 2998 976 3047 etium
987 3005 1045 3048 tau-

113 3069 203 3123 unam
212 3072 381 3124 substantiae
391 3085 543 3139 corpoream
562 3087 589 3137 q.
600 3086 624 3124 e.
636 3071 662 3122 d.

250 3206 440 3273 PROPOS.
461 3209 499 3270 V.
542 3209 653 3271 Nullas
671 3210 776 3270 dantur
794 3209 891 3270 atomi.

151 3318 316 3375 llrrrorrrrr.
354 3317 448 3371 Atoml
462 3325 525 3371 suut
540 3326 625 3384 partos
638 3319 759 3370 materiae
774 3314 945 3369 indivisibiles
959 3330 989 3369 ox
998 3329 1045 3368 suu

116 3400 180 3451 “tua
189 3396 379 3469 (perdam).
400 3394 455 3447 Sed
464 3408 545 3459 quum
554 3404 643 3445 narum
652 3396 775 3446 materiae
784 3392 910 3447 consistat
918 3391 946 3448 in
956 3399 1047 3451 eitun·
