2316 3786
525 466 647 515 unt
1018 476 1063 537 ῃ

163 646 239 697 ler-
256 646 391 713 quoniam
410 644 481 695 haee
499 644 637 710 responsio
656 645 814 711 quibusdam
841 662 893 701 iton
920 654 1056 719 struunt,

123 724 251 775 alula.
291 722 424 773 Vidimus
433 722 463 771 in
474 720 706 786 praecedentibus,
726 722 772 773 nbi
782 724 815 775 de
828 733 931 777 nostrae
943 732 1058 784 eristen·

123 800 308 853 therrdmdine
317 806 405 865 atque
414 796 548 849 evidentia
557 796 744 863 loquebamur,
765 814 814 851 nos
823 801 894 852 illam
908 816 937 853 ea
949 818 980 855 eo
990 822 1057 859 eon-

119 878 208 937 em,
222 876 308 945 quod,
325 888 507 943 quacumque
515 876 703 926 mentisaeiem
713 876 936 941 conveniebamus,
956 884 1055 935 nullam

113 950 373 1007 &rationem
383 950 600 1012 attendebamus,
621 964 687 1015 quae
696 966 727 1003 eo
736 954 794 1019 ipso
804 966 853 1004 nos
861 954 895 1005 de
904 963 991 1007 nostra
1000 960 1056 1009 eit-

110 1032 187 1083 stada
201 1046 252 1083 aon
272 1030 466 1088 couriueeret,
486 1028 540 1079 aire
554 1026 601 1077 ulti
614 1026 647 1078 ad
660 1036 774 1079 nostram
788 1032 920 1095 propriam
935 1040 1053 1084 naturam

109 1108 303 1169 nummus,
325 1106 386 1157 slve
400 1102 449 1155 uli
463 1110 569 1155 nostrae
587 1110 693 1155 naturae
711 1112 842 1155 auctorem
862 1106 986 1158 callidum
1005 1108 1054 1159 de-

108 1192 217 1251 reptum
227 1182 422 1251 augebamus,
441 1182 495 1232 sire
504 1180 618 1245 denique
627 1180 703 1231 aliam
714 1194 909 1247 quamcumque
922 1192 989 1234 extra
1005 1200 1054 1235 noa

107 1258 225 1313 Μ
239 1262 381 1313 rationem
396 1254 608 1315 recenseremus,
627 1257 697 1322 quod
712 1258 779 1307 eirca
792 1256 892 1308 nullam
906 1257 982 1309 aliam
997 1274 1052 1311 rem

106 1336 401 1405 irueqoeeoutingere
411 1332 638 1401 deprehendimus.
675 1332 740 1382 liam
756 1334 873 1397 quamtis
886 1334 919 1384 acl
933 1342 1053 1387 nattrram

106 1426 137 1465 et.
144 1428 177 1481 qr.
187 1413 317 1479 trianguli
328 1408 499 1462 attendentes
508 1409 625 1474 cogimur
633 1409 797 1471 concludere,
813 1410 871 1461 eius
880 1418 932 1461 tres
941 1412 1052 1477 angulos

107 1490 283 1557 tuaequales
296 1486 414 1539 dueum
426 1488 517 1546 rectis,
538 1500 590 1536 non
606 1492 691 1537 marren
705 1485 774 1535 idem
787 1500 929 1552 possumus
942 1488 1053 1538 eonelu-

109 1564 154 1617 det
166 1580 195 1619 η
210 1582 262 1627 ω,
292 1560 374 1631 quod
392 1562 459 1613 iorte
477 1576 492 1613 a
510 1567 617 1613 naturae
633 1570 736 1613 nostrae
753 1570 858 1613 anctore
876 1562 1050 1629 decipientem

113 1642 319 1705 quadruoduru
331 1654 364 1691 ea
377 1638 430 1690 ltoe
443 1639 500 1705 ipso
515 1645 630 1689 nostram
643 1640 805 1690 existentiam
818 1639 962 1690 certissime
975 1640 1053 1690 colli-

113 1716 224 1781 ptlnus.
264 1720 443 1783 Quapropter
452 1729 519 1776 nnn,
539 1716 811 1779 quocumquementis
825 1714 906 1765 aciem
922 1714 1052 1766 converti-

111 1806 166 1857 ης,
182 1797 310 1862 cogimur
331 1790 505 1853 concludere,
531 1789 651 1855 trianguli
669 1799 721 1841 tres
735 1791 844 1855 angarios
857 1804 915 1843 esse
928 1793 1050 1857 aequales

110 1869 195 1924 totus
212 1872 312 1927 rectis:
341 1868 390 1919 sed
408 1874 497 1919 contra
517 1880 621 1917 causam
640 1864 775 1918 dubitandi
799 1869 959 1929 invenimus,
988 1870 1049 1934 quia

112 1949 297 2015 manliam
310 1944 395 1995 talem
404 1944 452 1993 liei
462 1942 546 1994 ideam
557 1943 695 2005 labemus,
716 1958 781 2009 quae
792 1958 840 1993 nos
850 1946 885 1993 ita
894 1944 1000 2005 alliciat,
1020 1953 1051 1995 ut

112 2020 351 2091 utiiaimpussilrile
361 2022 397 2070 sit
407 2020 534 2084 cogitare,
553 2021 637 2070 ilerum
647 2034 705 2071 esse
716 2020 888 2086 deceptorem.
925 2022 990 2071 liam
1003 2034 1050 2071 ae-

113 2102 227 2162 qreiaeile
236 2108 279 2151 eet
288 2100 333 2157 el,
354 2096 497 2160 quiveram
508 2096 555 2145 llei
566 2094 648 2147 ideam
664 2096 820 2155 nonhabet,
841 2110 920 2160 quam
935 2110 983 2145 nne
997 2110 1048 2145 non

114 2174 189 2227 utere
203 2180 253 2229 hur
272 2174 472 2241 supponimus,
492 2172 603 2236 cogitare
616 2186 694 2223 suum
709 2180 841 2222 auctorem
855 2184 913 2221 osse
926 2170 1050 2237 decepto-

119 2262 175 2311 rcn,
191 2268 260 2317 quam
270 2265 332 2303 non
349 2262 409 2299 esse
423 2248 600 2315 deceptorem
619 2248 840 2314 quemadmodum
854 2247 906 2309 illi,
927 2248 972 2312 qui
988 2248 1049 2298 nul-

118 2322 158 2377 ln
173 2326 242 2379 lairet
257 2325 391 2391 trianguli
406 2324 507 2385 ideam,
526 2338 608 2390 aeque
627 2326 700 2377 facile
718 2331 757 2375 est
776 2326 903 2389 cogitare,
922 2325 981 2375 eius
998 2332 1050 2375 tres

112 2404 205 2469 capulos
220 2404 352 2471 aequales
371 2414 444 2462 esse,
465 2414 543 2465 mam
563 2416 613 2454 non
632 2416 689 2454 esse
704 2402 824 2467 aequales
837 2400 942 2451 dercillus
961 2402 1047 2453 rectis.

108 2478 379 2540 ihreeoneedimns,
400 2492 449 2529 noe
462 2477 495 2527 de
509 2478 579 2528 nulla
593 2486 732 2545 repraeter
746 2484 860 2529 nostram
874 2479 1046 2539 existentiam,

109 2558 340 2619 qumisadiilius
350 2555 597 2605 demonstrationem
607 2554 687 2621 pmbe
702 2554 878 2615 attendamus,
899 2568 975 2620 posse
987 2568 1045 2606 esse

107 2632 212 2685 uoluta
222 2642 327 2693 certos,
347 2646 429 2696 qnam
439 2628 485 2680 diu
495 2630 596 2681 nulium
607 2633 653 2683 liei
664 2632 761 2683 clnrttm
775 2638 799 2681 et
815 2630 966 2681 distinctum
981 2646 1047 2681 con-

106 2716 198 2775 ceptum
217 2710 366 2768 habemns,
386 2708 432 2772 qui
451 2720 500 2757 uos
517 2706 642 2758 ailirmare
659 2706 748 2767 iaciat,
767 2708 851 2758 Deum
870 2719 927 2757 eme
944 2720 1047 2759 summe

106 2798 226 2849 ruerem,
244 2786 326 2837 sicuti
345 2784 418 2844 idea,
439 2796 518 2847 quam
536 2784 656 2849 trianguli
675 2782 814 2843 habemns,
834 2796 882 2833 nos
897 2784 966 2848 cogit
984 2798 1049 2834 eon-

106 2860 214 2919 elutiere,
234 2864 295 2913 eius
306 2866 359 2911 tres
369 2859 481 2923 angulos
490 2874 547 2911 esse
556 2861 677 2925 aequales
686 2860 790 2911 dnobus
799 2860 889 2919 reetis;
909 2857 955 2911 sed
967 2874 1048 2927 nega-

106 2950 171 2998 tura,
189 2938 309 2989 uosideo
319 2938 346 2987 in
357 2936 505 2987 nulliusrei
514 2938 686 3001 cognitionem
701 2937 832 3003 pertenire
845 2950 932 3002 posse.
969 2938 1045 3000 liam,

106 3022 132 3063 ut
139 3028 166 3067 er
174 3012 300 3065 omnihus
308 3013 416 3063 iamiam
426 3011 504 3062 dietis
512 3019 590 3078 patet,
605 3012 681 3064 cardo
692 3014 772 3064 totius
782 3014 817 3063 rei
828 3013 854 3063 in
864 3013 913 3064 line
922 3013 978 3065 solo
989 3028 1047 3065 rcr-

106 3098 181 3151 eatur,
201 3104 297 3157 nempe
311 3096 343 3140 ut
357 3088 435 3140 talem
449 3088 498 3138 liei
512 3097 666 3155 conceptum
682 3090 816 3140 eilormare
828 3091 975 3155 possimus,
1000 3090 1046 3153 qui

106 3180 147 3215 aare
157 3170 188 3218 ita
198 3168 339 3234 disponat,
359 3172 389 3215 ut
398 3164 476 3216 nobis
486 3179 537 3215 tion
548 3180 628 3231 aeque
640 3166 713 3217 facile
722 3168 755 3217 sit
766 3167 886 3231 cogitare,
906 3180 967 3217 enm
976 3178 1043 3227 esse,

108 3256 175 3305 quam
193 3260 244 3295 non
264 3258 324 3294 esse
343 3241 524 3308 deceptorem
542 3241 587 3292 sod
606 3244 651 3307 qni
670 3258 718 3293 nos
737 3250 810 3308 cogat
823 3243 964 3303 affirmare,
984 3256 1045 3292 enm

109 3330 155 3370 ease
172 3336 273 3371 summe
292 3332 420 3371 veracem.
459 3317 510 3367 Ubi
529 3319 597 3367 enim
617 3318 693 3369 talem
711 3318 796 3370 ideam
815 3318 1043 3380 ellormuterirnus,

111 3394 145 3445 iila
160 3396 188 3447 tie
205 3396 400 3449 mathematicis
419 3392 570 3445 ueritatiirns
587 3394 722 3445 dubitandi
737 3397 803 3449 attio
824 3394 937 3449 tolletur.
978 3396 1048 3455 Num
