2316 3786
472 462 558 509 raas
578 465 600 510 ι
969 474 1011 533 53

84 638 219 705 inuios.
234 641 327 704 xxi.
375 641 557 703 Substantia
576 648 703 704 extensa
720 646 748 705 in
767 643 897 726 longum,
915 651 1007 715 latum

141 735 366 817 sprofundum
385 754 494 795 revera
511 734 625 793 existit:
648 756 764 815 nosque
783 742 830 799 uni
848 744 913 803 eius
931 748 1006 825 porti

137 831 195 889 niti
211 848 343 890 sumna.

106 934 262 991 Ιωιιτι.
302 939 363 988 lies
373 941 490 997 eatena,
500 940 579 1000 prout
588 948 604 986 a
612 933 690 987 nobis
698 936 765 989 clara
774 944 802 989 et
809 937 930 991 distincte
939 957 1003 1008 per-

83 1010 152 1081 ᾒι,
168 1013 263 1065 aditet
274 1019 406 1065 naturam
420 1023 473 1061 non
486 1011 600 1076 pertinet
612 1014 671 1077 (per
684 1025 758 1078 prop.
771 1012 841 1078 to.);
861 1014 909 1067 sed
922 1020 1001 1071 alim

83 1089 127 1141 itai
137 1098 220 1157 potam
233 1092 302 1156 (per
317 1087 414 1139 coroil.
424 1100 500 1152 prop.
512 1086 538 1138 7.
552 1093 579 1139 et
591 1100 721 1154 pcrprop.
732 1089 782 1153 8.).
819 1090 920 1142 Deinde
935 1093 1002 1145 clarc

83 1164 194 1218 tustinus
206 1164 386 1232 percipimus
400 1163 442 1227 (nt
455 1163 636 1228 unnsquisque
651 1162 678 1213 in
691 1176 734 1224 se,
754 1170 883 1228 quatenus
897 1168 1000 1233 cogitat,

83 1242 164 1307 pan),
182 1240 377 1295 substantiam
391 1245 522 1289 extensam
535 1253 639 1290 caumm
649 1239 820 1290 sufficientem
830 1254 888 1293 esse
896 1241 929 1294 ad
938 1257 1002 1308 pro-

83 1317 182 1369 tttntlam
201 1319 232 1369 in
252 1314 341 1367 nobis
360 1313 548 1373 titillationem,
567 1314 682 1366 dolorem
695 1314 847 1381 similesque
859 1317 931 1370 ideas
946 1320 1000 1371 aive

83 1396 211 1455 natum,
232 1405 310 1458 qnae
324 1389 487 1441 continuoin
497 1388 573 1441 nobis
584 1391 702 1454 quamvis
712 1391 800 1443 inritis
809 1393 997 1457 producuntur.

82 1466 413 1536 ripaeursubstantiam
422 1472 567 1528 extensam,
576 1466 653 1517 aliam
663 1473 810 1519 nostrarum
819 1470 998 1521 sensationunr

82 1558 157 1609 ua,
175 1554 245 1612 puta
258 1546 353 1595 Deum
366 1548 413 1593 aut
425 1542 560 1607 angeium,
579 1541 677 1608 tingere
690 1542 825 1606 volumus,
843 1545 932 1596 atatim
949 1560 998 1599 nos

82 1634 137 1673 ιι
152 1636 184 1673 ac
210 1621 377 1672 distinctum
399 1632 478 1683 quem
501 1616 627 1669 habemns
648 1625 804 1684 conceptum
827 1618 995 1673 destruimus.

82 1698 234 1764 qropter')
246 1710 334 1760 quam
344 1693 389 1744 diu
399 1692 432 1744 ad
441 1699 543 1746 nostras
552 1695 729 1760 perceptiones
744 1701 812 1745 recte
827 1695 995 1759 attendimus,

82 1772 152 1825 :miii
168 1773 367 1832 admittamus,
390 1769 441 1821 nisi
459 1769 529 1834 quod
548 1770 614 1821 clare
633 1776 660 1821 et
676 1770 797 1821 distincto
819 1774 994 1837 percepimus,

82 1861 147 1901 ω
164 1847 298 1916 propensi
317 1845 492 1897 seu'minime
504 1845 678 1898 indifferentes
692 1846 789 1898 erimus
802 1846 835 1897 ad
849 1849 996 1900 assention-

82 1938 121 1985 ιι,
138 1925 210 1990 quod
224 1922 378 1975 substantia
394 1928 494 1972 extensa
508 1921 561 1972 sois
576 1923 610 1972 sit
625 1937 702 1973 causa
711 1929 857 1973 nostrarum
867 1926 997 1975 sensatio-

82 2014 124 2059 ιις
140 1998 297 2067 arproinde
306 1997 339 2048 ad
350 1997 545 2059 ciilrrncndum,
565 1998 635 2063 quod
649 2013 689 2050 res
703 2006 804 2050 extensa
818 2000 896 2050 alteo
912 2008 995 2051 creata

82 2076 144 2127 isat.
178 2078 272 2140 Atque
284 2076 311 2124 in
322 2074 371 2124 hoc
381 2088 443 2124 sane
453 2074 505 2124 iaili
515 2089 565 2124 non
577 2088 718 2139 possumus
728 2076 786 2140 (per
794 2089 869 2140 prop.
883 2076 924 2125 ii.
935 2089 995 2127 cum

82 2150 168 2215 mi.
204 2154 366 2214 Qunreterc
376 2149 529 2211 affirmatur,
548 2150 920 2215 quodsubstantiuertensain
935 2150 996 2201 lon-

81 2238 135 2285 ιι,
146 2226 222 2279 bium
233 2237 263 2278 et
273 2223 434 2291 protundum
445 2226 543 2276 existat.
580 2227 656 2289 Quod
667 2233 719 2277 emt
729 2227 852 2290 primum.

111 2300 181 2354 Porro
189 2305 254 2355 irrter
266 2309 370 2353 nostras
380 2302 555 2363 sensationes,
576 2303 678 2366 quaein
688 2302 764 2352 nobis
775 2303 816 2366 (ut
824 2302 875 2352 iam
886 2303 995 2355 demon-

81 2378 217 2443 ntirnnsta
228 2378 381 2431 substantia
391 2385 493 2429 extensa
502 2377 608 2443 produci
618 2379 722 2441 debent,
742 2392 862 2442 magnam
873 2378 995 2431 diiiercn-

81 2453 306 2515 tarodaerramus,
328 2468 421 2520 nempe
430 2453 476 2504 ubi
486 2454 557 2515 dico,
578 2468 619 2506 me
628 2456 738 2513 sentire,
759 2468 805 2505 seu
819 2455 903 2507 videre
917 2455 995 2508 arbo-

81 2544 119 2591 ι,
129 2546 175 2583 sau
185 2531 232 2583 uhi
241 2531 303 2581 dico
314 2544 356 2581 me
365 2531 451 2588 sitire,
462 2530 547 2581 dolore
557 2537 606 2581 otc.
642 2531 730 2582 liuius
739 2538 824 2581 autem
835 2531 993 2584 dillerentire

81 2608 226 2658 melaro
232 2605 309 2657 rideo
319 2620 360 2656 me
367 2619 502 2671 nonposse
509 2608 708 2672 percipere‚nisi
716 2607 944 2673 priusintollignm,
952 2624 993 2659 mc

81 2684 169 2748 riparii
180 2683 304 2733 materiae
315 2689 384 2731 arcte
394 2695 452 2732 esse
463 2683 575 2741 unitum,
583 2690 608 2732 ct
617 2683 674 2733 aliis
683 2697 734 2733 non
743 2684 814 2733 item.
825 2683 902 2745 Quod
912 2699 994 2748 quum

81 2768 152 2810 arcet
165 2759 289 2810 distincte
304 2757 461 2821 intelligam,
480 2771 527 2807 nec
538 2758 590 2808 ulio
601 2759 651 2809 alio
663 2758 762 2809 modun
773 2774 813 2809 mc
822 2762 919 2825 percipi
929 2775 993 2826 pos-

81 2840 103 2893 t,
118 2848 205 2886 terum
214 2841 256 2886 est
270 2837 329 2899 (per
338 2847 415 2899 prop.
428 2834 468 2883 ii.
478 2847 537 2884 cum
548 2834 672 2899 scholio),
688 2836 785 2885 menni
796 2836 915 2887 materine
928 2837 992 2901 parti

80 2910 227 2963 mmo.
244 2910 323 2972 Quod
333 2909 553 2961 eratsecundurn.
569 2911 991 2976 Demonstravimusigiturq.e.d.

101 2983 193 3038 dota.
229 2987 294 3039 nisi
303 2987 390 3036 lector
399 2986 477 3034 licre
487 2987 633 3036 consideret
643 2992 743 3036 tunium
757 2992 787 3036 ut
801 3003 857 3037 rem
872 2991 992 3051 cogitan-

80 3066 253 3131 uetcorporc
263 3066 415 3123 carentem,
436 3066 462 3110 ot
476 3076 562 3111 ornnes
577 3065 707 3122 rationes,
728 3079 792 3128 pons
807 3069 885 3113 unteu
899 3065 992 3113 induit

80 3136 170 3190 und
185 3139 286 3207 „quod
294 3152 395 3202 cor-puts
409 3139 508 3186 eadunt
516 3140 535 3166 “
549 3142 674 3204 tanquam
684 3139 855 3205 praeiudicia
868 3139 990 3205 deponat,

80 3220 149 3267 we
155 3218 223 3267 hanc
231 3215 490 3267 demandationem
500 3214 649 3278 intelligere
658 3217 807 3265 conabitur.

80 3306 210 3322 ᾕ-

103 3348 120 3398 'l
134 3348 184 3395 lide
193 3347 431 3396 demonstrationem
441 3357 535 3400 propos.
548 3350 578 3389 tt.
591 3354 614 3390 et
623 3347 696 3391 schol.
708 3359 801 3402 propos.
814 3347 845 3387 ¹⁵.

437 3449 601 3461 n·—
