2316 3786
109 497 149 556 18
239 505 243 514 ’
478 503 675 550 anrnrmrcrs
720 506 749 524 ··

118 677 139 718 t.
166 674 284 721 Possibile
293 681 316 721 et
325 676 462 733 contingens
472 688 519 722 non
529 688 582 723 esse
592 687 672 722 rernm
682 675 826 721 aneouoner.

119 735 141 778 8.
168 734 229 790 Quid
239 735 270 780 sit
287 734 414 792 possibile,
433 736 489 792 quid
508 736 653 792 contingens.

118 792 142 836 ⁹?
166 794 284 839 Possiblle
295 800 319 840 ot
327 795 463 850 nontingena
474 805 526 840 esse
535 800 625 839 tantum
635 793 742 840 deiectus
752 795 825 838 nostri
835 792 977 841 intelleotnr.

106 854 140 897 44.
168 852 361 899 Conciliationem
372 852 487 898 libertatis
499 853 571 898 nostri
580 852 671 899 arbitrii
687 859 710 898 et
723 852 934 909 praeordinationis
944 854 988 900 liei
1002 856 1017 901 lt

167 924 263 957 manum
273 919 368 968 captum
379 923 499 967 superare.

191 996 301 1042 Canii.
330 996 363 1039 lie
382 996 578 1047 aeternitate,
601 994 760 1039 duratione
780 998 803 1037 et
821 1000 961 1051 tempore.

121 1067 141 1108 i.
169 1063 230 1120 Quid
241 1064 272 1109 sit
281 1065 415 1110 aewrnitas.

117 1125 139 1166 2.
167 1123 228 1177 Quid
238 1122 339 1167 duratio.

118 1185 138 1224 2.
166 1182 227 1238 Quid
239 1188 339 1238 tempus.

289 1264 349 1312 Gar.
361 1266 387 1311 V.
414 1265 448 1309 De
466 1266 670 1321 oppositione,
691 1266 857 1309 ordinem.

108 1333 172 1404 Quid¹
187 1333 234 1378 sint
247 1335 377 1437 opptrsitim
397 1335 469 1392 ordo,
487 1335 660 1391 convenientia,
680 1335 815 1391 diversitas,
835 1334 983 1389 subiectum,
1006 1348 1018 1380 a

166 1401 271 1438 rnnotum
281 1405 294 1438 e
305 1405 326 1438 o.

333 1475 394 1523 Gar.
408 1477 447 1522 Vl.
474 1475 594 1529 Desino,
612 1489 680 1520 uero
700 1478 820 1520 etberto.

119 1549 138 1588 t.
166 1546 226 1602 Quid
237 1545 362 1590 srtunltas
960 1563 963 1567 ·

118 1608 140 1650 2.
168 1606 228 1661 Quid
243 1607 274 1650 sit
287 1604 427 1660 multitudo,
447 1611 470 1649 et
484 1616 531 1661 qno
545 1610 654 1661 respeetu
664 1603 728 1650 lieur
739 1605 784 1649 diri
798 1568 874 1660 possit
886 1615 948 1651 unas
963 1611 1018 1664 ettp

166 1664 376 1720 respootnnlws.

117 1726 139 1768 2.
167 1724 229 1825 Qurg
239 1724 269 1768 ιιι
278 1735 372 1779 rerum
391 1722 446 1779 and
458 1722 545 1767 laisum
558 1729 606 1768 tam
621 1721 955 1780 epedrnignmqnamepnd
970 1723 1018 1779 phil

170 1793 213 1837 sop
231 1794 267 1826 os.

117 1843 138 1885 4.
166 1842 252 1886 Verum
263 1853 309 1884 non
320 1853 372 1886 esse
382 1841 507 1885 terminum
518 1839 752 1886 tnnseendentelem.

119 1903 140 1945 4.
168 1901 259 1946 veritas
269 1907 292 1944 et
299 1911 353 1944 sera
365 1901 416 1945 idea
426 1900 545 1956 quomodo
555 1900 671 1944 differant.

118 1961 138 2004 4.
167 1960 290 2015 Quaenam
309 1960 356 2004 sint
378 1961 533 2016 proprietates
552 1958 668 2005 veritatis.
703 1958 870 2004 certitudinem
889 1970 936 2004 non
954 1971 1006 2005 esse

171 2020 252 2066 mbos.

120 2081 140 2124 i.
167 2079 259 2125 Bonum
269 2086 292 2125 et
302 2079 390 2125 malum
400 2086 489 2126 tantum
501 2081 545 2125 diei
557 2079 693 2136 respective.

117 2141 139 2182 8.
166 2139 246 2195 Quare
254 2139 327 2197 aliqui
339 2141 427 2185 bonurn
438 2140 624 2196 metaphysieum
633 2144 773 2183 statuerunt.

117 2199 139 2240 2.
165 2199 212 2243 Res
222 2206 245 2243 et
260 2208 371 2255 conatus,
390 2211 437 2257 qno
452 2212 490 2245 res
504 2200 528 2244 in
541 2207 604 2245 statu
617 2210 661 2245 sno
676 2209 827 2255 perseverare
840 2204 967 2256 omniur,
987 2209 1017 2254 qu

158 2260 229 2302 modo
239 2260 418 2315 distinguantur.

108 2319 140 2359 ¹⁰.
167 2317 201 2360 Αιι
212 2318 274 2362 Bous
285 2325 339 2363 anto
349 2331 386 2363 ros
397 2326 487 2364 creatas
498 2319 542 2363 dici
553 2319 627 2374 possit
637 2319 722 2364 bonus.

107 2378 140 2419 it.
168 2377 302 2423 Perfectum
312 2380 431 2435 quomodo
441 2379 533 2425 dicatur
542 2379 683 2434 respective,
702 2378 821 2436 quomodo
831 2376 948 2423 absolute.

483 2498 596 2550 Pstis
630 2500 671 2550 11.

389 2580 449 2626 Gan.
464 2580 484 2625 i.
510 2580 544 2624 tt·
558 2579 601 2623 Der*
615 2577 763 2624 eeterret'tnte.

119 2652 140 2692 4.
169 2649 356 2694 substantiarum
368 2648 458 2694 divisio.

119 2710 140 2751 2.
168 2709 218 2753 lieo
228 2707 318 2753 nnllam
329 2707 476 2752 durationem
486 2713 628 2762 oompetare.

119 2770 140 2809 2.
169 2767 271 2822 Causae,
289 2767 392 2823 obquas
401 2766 726 2813 auotoreslioodurstioneta
735 2764 876 2810 tribuerunt

119 2829 140 2869 4.
168 2827 229 2882 Quid
239 2828 269 2870 sit
279 2826 413 2872 aeternitas.

412 2892 515 2939 Camil.
544 2889 577 2935 De
590 2890 744 2934 enitatessei.

107 2952 357 3000 Desmetseunionm.

374 3020 489 3066 Camlll.
517 3016 779 3064 &inmensitateiiei

120 3084 141 3124 a.
168 3080 293 3136 Quomodo
302 3079 366 3124 nens
377 3081 468 3125 dicatur
477 3078 594 3135 iniiniear,
613 3079 734 3135 quomodo
743 3078 881 3123 immensus.

119 3142 141 3183 2.
169 3140 230 3195 Quid
240 3137 307 3194 vulgo
317 3150 360 3193 per
369 3139 412 3183 liei
423 3140 603 3184 immensitatem
614 3138 765 3194 intelligatur.

120 3201 140 3243 2.
168 3200 243 3244 ileum
253 3210 305 3242 esse
315 3198 404 3254 umque
412 3199 534 3254 probetur
709 3242 713 3250 ,

120 3261 141 3302 4.
169 3257 372 3314 Omnipraesentia
382 3258 424 3302 liei
436 3256 645 3313 osplioarineqnit

121 3319 142 3362 t.
169 3314 800 3385 ostimenaitetemaqeiiiuatemsteuritripiioemg
816 3312 859 3360 ard
869 3312 940 3361 male

121 3377 143 3421 4.
169 3377 212 3422 liei
223 3376 352 3433 potentiam
362 3387 409 3421 non
417 3375 527 3446 distingui
537 3376 568 3423 ai)
577 3377 628 3422 eiu
638 3375 749 3422 euntia

121 3438 141 3479 t
167 3436 217 3480 lieo
226 3435 290 3482 tilius
300 3436 530 3492 omnipraesentium
