2316 3786
25 35 1084 274 m

107 483 148 543 60
255 485 490 532 rmctetctttttt
506 484 741 531 Pfflusorntdlt
760 486 894 532 CARTRS.

108 679 185 730 qnam
195 662 266 730 quod
278 667 365 730 partes
378 660 502 714 durorum
516 674 653 730 corporum
666 662 749 715 motui
762 676 889 715 manuum
901 666 1053 717 numm

106 740 227 793 resistant
242 741 300 806 (per
313 753 352 790 ax.
367 738 417 803 3.).
459 739 544 800 Quare
555 739 727 806 (perpropos.
743 739 785 791 tt.
800 744 866 806 part.
882 738 923 807 1.)
941 736 1053 793 dorttter

108 817 185 868 etiam
199 815 264 867 nihil
273 814 345 866 aliud
354 815 411 866 erit.
448 814 477 865 st
491 827 550 866 vero
563 813 635 866 istud
648 828 743 881 eorpus
756 815 784 866 in
797 812 958 883 pulvisculus
971 828 1053 883 quam

107 892 297 943 minutissimos
306 890 450 956 redigatur,
469 890 526 942 eius
538 896 624 956 partes
636 888 711 943 iacile
723 889 845 944 recedent
858 891 918 957 (per
929 904 973 944 ax.
983 890 1052 959 11.),

108 980 155 1021 nec
165 975 251 1019 temen
261 967 376 1034 eorporis
384 971 503 1018 naturam
511 967 631 1018 amittent
640 967 698 1034 (per
706 980 745 1018 ax.
757 967 811 1032 t.);
832 980 859 1033 q.
870 980 895 1018 e.
906 966 933 1019 d.

158 1045 189 1094 ln
207 1042 322 1110 pondere
340 1042 500 1108 meterlsquc
517 1041 658 1094 sensilibus
676 1041 845 1108 qualitatibus
861 1042 956 1096 eodem
971 1041 1055 1097 motio

106 1120 222 1188 procedit
233 1118 428 1171 demonstratio.

106 1270 286 1334 PROPOS.
310 1271 346 1331 ll.
392 1270 529 1352 Corporis
553 1272 619 1332 sive
643 1274 786 1333 materiae
808 1278 911 1333 nature
932 1272 964 1333 in
985 1270 1054 1335 soie

195 1364 371 1425 extensione
388 1365 533 1426 consistit.

159 1484 328 1533 Dentonem.
363 1481 460 1533 Natura
474 1482 589 1548 corporis
602 1480 1054 1534 nontolliturexsublationeeend·
1075 1488 1082 1533 f·

107 1558 173 1610 lium
188 1557 342 1624 qualitatum
357 1559 417 1623 (per
428 1570 533 1625 propos.
551 1559 575 1609 1.
589 1558 696 1623 intuo:
715 1571 776 1625 ergo
789 1571 875 1623 neque
889 1558 1053 1610 conatitouut

108 1636 192 1700 ipsius
210 1635 348 1686 essentiam
364 1635 422 1700 (per
435 1647 474 1684 ar.
488 1634 528 1694 2.)
564 1632 635 1684 Nihil
646 1647 706 1699 ergo
719 1639 836 1685 remanet
848 1641 950 1700 praeter
964 1641 1052 1686 exten-
1075 1624 1082 1663 ἶ

109 1712 246 1777 sionemet
255 1711 312 1761 eius
320 1709 469 1761 affectiones
481 1710 538 1775 (per
546 1724 585 1760 ax.
597 1711 647 1775 t.).
684 1710 770 1771 Quare
780 1710 802 1760 si
813 1709 917 1761 tollatur
926 1710 1048 1771 extensio.
1076 1722 1083 1761 t

109 1786 173 1837 nihil
183 1785 335 1847 remanebit,
355 1785 425 1850 quod
435 1785 467 1837 ad
477 1793 595 1836 naturam
605 1786 720 1852 corporis
727 1786 868 1851 pertineat,
887 1785 935 1837 sed
944 1798 1050 1853 prorsus
1074 1821 1078 1833 .

108 1862 222 1914 tolletur.
252 1862 320 1927 Ergo
335 1862 393 1927 (per
402 1876 441 1912 ax.
452 1861 493 1926 2.)
502 1862 529 1912 in
539 1862 595 1913 sola
605 1861 753 1912 extensione
763 1862 878 1930 eorporis
887 1869 980 1914 natura
989 1874 1050 1914 con-
1074 1902 1079 1923 2

108 1940 191 1996 sistit;
208 1953 234 2004 q.
246 1952 269 1989 e.
281 1939 307 1988 d.
878 2002 885 2008 ι
1076 2004 1080 2013 1

162 2024 354 2075 cettonelli.
392 2023 511 2089 Spatium
525 2023 689 2089 eteorpusin
700 2021 932 2075 recondiderunt.
1077 2060 1084 2089 ,

159 2110 328 2159 Demonsrn.
366 2106 466 2172 Corpus
481 2113 507 2157 et
520 2108 634 2158 extensio
643 2107 671 2157 in
680 2122 707 2158 re
717 2122 768 2159 uon
779 2106 901 2159 differunt
911 2110 971 2174 (per
978 2121 1051 2177 prat·
1074 2134 1084 2169 ·.

109 2183 194 2249 ced.);
206 2187 319 2251 spetlum
329 2184 406 2235 etiam
417 2190 442 2234 et
451 2183 564 2234 extensio
575 2184 601 2233 in
610 2196 638 2233 re
648 2198 699 2233 non
710 2182 832 2235 dillcrdnt
842 2185 901 2251 (per
910 2183 990 2235 detio.
1002 2184 1049 2251 e).
1075 2196 1084 2247 t

108 2260 177 2326 Ergo
188 2261 246 2326 (per
255 2274 294 2310 ax.
307 2259 362 2324 15.)
373 2260 486 2326 spetlum
496 2266 522 2310 et
531 2273 626 2325 corpus
635 2260 662 2310 in
673 2274 699 2310 re
709 2274 761 2310 non
772 2259 907 2321 differunt;
924 2275 952 2325 q.
963 2274 988 2311 e.
999 2258 1025 2311 d.
1075 2288 1084 2323 1

162 2335 283 2386 sciton.
320 2336 444 2397 Quemtis
453 2335 570 2386 dieamus
579 2337 662 2386 Deum
672 2350 730 2387 esse
739 2335 848 2402 ubique,
859 2350 912 2386 nou
921 2335 981 2388 ideo
991 2350 1052 2389 eou-
1077 2364 1083 2381 ·

110 2409 303 2462 cediturneum
318 2425 375 2461 esse
389 2418 537 2472 extensum,
556 2411 605 2462 hoc
619 2418 659 2463 est
674 2413 732 2478 (per
741 2412 840 2478 proce.)
855 2408 1051 2479 corporeum')
1080 2468 1082 2473 ,

108 2486 175 2537 Nam
190 2500 247 2536 esso
261 2484 359 2552 ubique
374 2485 483 2537 retertur
495 2486 528 2537 ad
542 2486 623 2538 solam
633 2488 774 2554 potentium
783 2489 831 2539 liei
842 2489 933 2541 eteius
943 2502 1052 2540 concur·

109 2576 184 2623 sum,
204 2575 255 2626 quo
270 2575 312 2612 res
326 2575 416 2612 omnes
430 2570 576 2623 consertat;
596 2563 660 2614 adeo
679 2570 709 2614 ut
721 2565 769 2614 Dei
782 2564 917 2630 ubiquitas
930 2563 1052 2616 reseratio
1081 2560 1084 2627 ζ

109 2651 162 2688 non
172 2638 254 2702 magis
264 2636 297 2687 od
308 2638 482 2688 extensionem
492 2640 545 2689 sive
554 2652 658 2706 eorpus,
674 2653 753 2704 quarn
761 2638 795 2690 ad
804 2640 909 2705 angelos
919 2647 946 2690 et
954 2640 1052 2691 animae

109 2713 246 2764 humanus.
276 2712 327 2764 Sed
337 2712 489 2775 notandum,
504 2714 589 2778 quod,
604 2730 686 2780 quum
696 2715 809 2765 dicimus
818 2714 901 2780 ipsius
910 2706 1051 2781 potentian

110 2803 167 2841 esse
176 2789 289 2854 ubique,
309 2803 360 2839 non
370 2789 536 2840 secludamus
550 2791 633 2856 ipsius
653 2791 805 2851 essentiam
826 2804 886 2841 nam
904 2790 952 2842 ubi
971 2792 1052 2857 tpstuo

109 2866 238 2933 potentin,
258 2865 295 2916 ibi
310 2867 387 2917 otiam
403 2872 443 2918 est
456 2866 539 2932 ipsius
554 2867 666 2917 essentia
677 2868 735 2931 (per
744 2866 833 2917 coroll.
845 2880 920 2933 prop.
933 2868 975 2919 tt.
986 2872 1050 2934 pett-

111 2941 165 3006 t.):
189 2941 235 2992 sed
257 2942 342 2992 solum
365 2950 394 2993 nt
415 2942 610 3007 corporeitatem
630 2941 810 3004 secludamus,
829 2942 878 2992 hoc
897 2951 950 3006 est,
969 2944 1052 2995 ileum

109 3031 162 3068 non
173 3016 258 3082 eliqua
267 3020 381 3083 potentia
390 3032 510 3086 corporea
520 3032 577 3070 esse
587 3018 700 3083 ubique,
719 3018 766 3069 sed
775 3019 890 3083 potentia
899 3019 954 3070 sire
962 3031 1053 3071 esseu-

110 3095 145 3144 tia
160 3091 258 3156 divina,
278 3108 343 3157 quae
358 3095 559 3146 communis'est
570 3094 602 3145 ed
618 3093 817 3145 conservandam
836 3094 1011 3145 extensionem
1027 3100 1051 3145 et

109 3183 151 3220 res
166 3167 307 3236 cogitantes
323 3170 382 3235 (per
393 3185 467 3237 prop.
482 3171 523 3222 17.
539 3176 605 3236 part.
622 3169 676 3235 l.),
696 3183 761 3235 quas
774 3169 890 3236 proiecto
904 3182 1051 3222 conservare

110 3260 162 3296 uon
173 3246 314 3312 potuisset,
330 3246 352 3297 si
362 3247 582 3314 ipsiuspotentia‚
597 3245 705 3307 horest,
721 3246 833 3297 essentia
843 3253 1048 3315 esseteorporee.

112 3358 281 3371 ”aa

161 3416 181 3467 ·)
196 3415 252 3460 vide
262 3415 291 3459 de
301 3413 337 3459 his
348 3413 422 3459 tuetur
433 3413 456 3458 io
467 3414 566 3471 append.
578 3420 637 3470 part.
649 3413 681 3459 11.
692 3425 712 3459 o.
722 3416 743 3457 t.
755 3420 778 3459 et
786 3415 808 3458 t.
