2316 3786
398 486 482 533 ms
501 490 523 536 Ι.
891 496 936 556 ⁴⁸

80 670 152 733 qia
161 666 358 718 muron
370 667 401 715 et
408 665 600 731 perfectiorem
613 670 785 722 meorum
798 676 934 726 conteneo

78 744 195 873 hum,
215 756 307 811 quur
323 739 494 801 renitentia,
512 745 545 792 ut
560 758 597 793 oo
613 747 716 797 mom.
735 746 763 797 4.
781 749 848 801 eti.
864 752 934 802 ratio

78 896 218 951 lom.
257 892 478 959 Hinosequitur,
497 893 622 960 quiequid
631 898 803 950 neeessariam
816 900 932 953 ansteo·

78 968 708 1035 onnesseenssummepersectumseuoeum.

78 1110 141 1163 etl.
181 1109 240 1174 Qui
249 1109 407 1175 potentiam
419 1106 499 1157 aeter
513 1123 542 1157 se
555 1108 739 1173 conservandi,
760 1113 818 1161 eius
829 1116 930 1161 natm

78 1184 534 1239 muriamineoioiteaeietentiam.

78 1294 193 1334 romn-
232 1276 292 1339 Qui
301 1276 354 1327 vim
363 1274 477 1327 hebetse
491 1276 673 1339 conservandi,
692 1278 744 1329 vim
758 1278 836 1329 etiam
850 1278 930 1331 habet

78 1356 236 1424 idisperrx.
251 1352 323 1416 1⁰.),
332 1352 382 1403 hoe
390 1357 431 1403 est
441 1352 483 1417 (ut
492 1351 565 1404 ireiie
574 1366 666 1404 omnes
675 1351 840 1419 concedent),
856 1354 928 1406 nuile

84 1447 164 1487 eru
177 1438 291 1483 externa
305 1426 339 1479 od
351 1425 528 1490 existendum,
547 1427 594 1480 sed
606 1428 663 1480 sola
675 1429 759 1496 ipsius
773 1436 865 1481 nature
878 1431 929 1482 erit

78 1510 211 1569 afficiens,
232 1512 267 1557 ut
275 1504 416 1556 eristatrei
424 1504 583 1570 possibiliter
597 1504 666 1570 (vide
676 1520 715 1555 ar.
727 1505 766 1571 7.)
781 1506 820 1556 vei
835 1519 929 1557 neees-

81 1586 118 1637 Ar
130 1600 190 1637 nou
204 1580 386 1649 possibiliter:
414 1594 473 1630 nem
492 1580 590 1647 (perid
604 1579 675 1646 quod
690 1582 756 1633 eirea
771 1582 864 1633 anio·
880 1581 930 1635 do-

78 1664 121 1728 ni)
132 1670 196 1713 tum
205 1674 238 1711 er
248 1671 282 1709 eo
292 1655 425 1721 quodiam
440 1657 570 1717 existeret,
590 1670 641 1707 non
656 1664 822 1722 sequeretur,
840 1658 929 1724 ipsum

78 1740 216 1791 mmmm
228 1732 318 1800 (quod
327 1739 366 1784 est
375 1740 463 1784 contre
477 1732 653 1799 hypothesin).
689 1734 757 1798 Ergo
771 1734 926 1797 necessario,

78 1854 84 1877 ,
99 1816 160 1867 eins
177 1818 276 1862 natura
291 1809 463 1860 neeessariam
478 1808 583 1859 insolvit
597 1811 770 1871 existentiam,
791 1810 929 1875 quoderat

78 1966 229 2019 HONSTR.
253 1961 515 2013 Pnoeosfflon'is
533 1962 593 2011 vn.
630 1961 656 2010 Si
676 1961 727 2011 rim
746 1961 867 2013 haberem
885 1978 928 2014 me

78 2041 261 2098 mosenandi,
282 2039 342 2088 talis
351 2052 434 2089 essem
445 2045 564 2098 naturae,
586 2045 615 2086 ut
629 2040 799 2089 neeessariam
813 2039 929 2089 involve-

78 2118 212 2171 istentiam
234 2119 297 2180 (per
315 2114 409 2164 lemma
426 2115 481 2177 2.);
518 2127 578 2178 ergo
597 2114 655 2179 (per
673 2114 761 2165 norell.
780 2114 869 2164 lemm.
891 2113 929 2178 i.)

78 2200 242 2245 imomnes
253 2191 397 2241 contineret
407 2190 586 2256 perfectiones.
623 2190 706 2254 Atqui
720 2191 747 2239 in
761 2204 816 2251 me,
836 2196 931 2254 quote-

78 2282 164 2320 mer
179 2269 319 2334 cogitans,
338 2267 433 2317 multas
451 2265 658 2331 imperfectiones
676 2266 793 2326 invenio,
814 2272 844 2317 ut
858 2264 928 2331 quod

78 2356 119 2406 n,
135 2346 201 2411 qnod
222 2344 330 2409 cupiam
349 2350 415 2403 ete,
435 2342 466 2392 do
486 2342 582 2406 quibus
598 2345 656 2407 (per
669 2341 751 2392 schol.
767 2355 872 2408 propos.
887 2345 928 2409 i.)

78 2429 155 2474 eries.
189 2422 265 2484 Ergo
281 2419 379 2470 nullam
392 2419 443 2469 eim
458 2418 538 2469 habeo
553 2433 595 2468 me
609 2416 784 2469 consonandi.
821 2421 874 2471 Nee
887 2420 931 2471 di·

78 2512 172 2560 Μαι,
189 2496 267 2562 quod
284 2494 342 2546 ideo
354 2496 405 2545 iom
422 2509 494 2545 eareo
509 2496 560 2546 iliis
574 2494 791 2560 perfectionibus,
810 2497 872 2560 quie
885 2510 929 2548 eas

78 2574 246 2640 moenegare
257 2570 328 2632 rolo;
349 2586 408 2621 nam
419 2569 445 2621 id
454 2571 521 2622 clare
534 2572 618 2636 primo
632 2571 745 2622 lemmoti
761 2577 787 2622 et
800 2573 838 2634 ei,
859 2571 930 2637 quod

78 2654 132 2716 [per
140 2666 181 2701 ar.
192 2652 235 2713 5.)
246 2647 314 2699 ciere
324 2648 438 2713 reperio,
458 2654 621 2712 repugnaret.

78 2726 197 2778 iudanon
212 2738 323 2791 possum
339 2724 389 2772 iarn
404 2725 527 2783 existere,
547 2725 610 2788 quin
625 2737 772 2784 conserver,
792 2739 869 2789 quem
885 2724 931 2776 diu

78 2842 81 2863 .
98 2805 153 2855 sire
162 2818 176 2853 a
186 2816 230 2853 rne
240 2802 313 2866 ipso,
333 2799 461 2863 siquidem
472 2799 580 2850 habeam
590 2800 666 2850 istam
676 2799 741 2862 vim,
762 2800 815 2852 sire
824 2800 856 2852 ab
868 2802 929 2864 elio,

78 2892 118 2930 am
133 2878 213 2929 hebet
232 2879 292 2943 (per
309 2889 348 2925 ar.
370 2876 411 2925 io.
431 2881 457 2926 et
473 2876 537 2939 11.).
574 2875 655 2941 Atqui
674 2876 753 2927 existo
773 2878 830 2943 (per
847 2878 930 2929 schol.

78 2956 156 3019 ei),
175 2961 301 3007 ettamen
316 2965 369 3001 non
383 2949 464 3001 habeo
478 2952 528 3001 vim
543 2966 584 3002 me
600 2952 686 3017 ipsum
700 2953 882 3017 consonandi,
901 2960 932 3005 nt

78 3030 240 3098 iprobatum
256 3036 307 3079 est.
343 3026 453 3091 Ergoab
463 3027 512 3079 olio
522 3042 667 3079 conserver.
705 3028 755 3079 Sed
766 3043 816 3078 non
826 3030 929 3092 abolio,

78 3122 100 3159 n
118 3122 171 3159 non
190 3104 271 3157 habet
287 3117 317 3155 se
336 3103 502 3154 consonandi
522 3106 580 3170 (per
593 3103 701 3155 eandem
719 3105 860 3168 rationem,
879 3120 931 3170 qun

78 3198 118 3236 m
131 3186 265 3251 meipsum
280 3193 432 3233 eonsen'are
447 3194 498 3230 non
515 3193 592 3245 posse
605 3180 805 3245 demonstma·i);
825 3195 885 3245 ergo
898 3179 931 3232 ab

78 3262 177 3328 eninm
188 3255 500 3317 behetsecoosermndi,
515 3256 615 3308 honest
630 3256 840 3322 (perlemmat.)
855 3256 932 3309 euius

93 3338 269 3391 mrtem
288 3331 397 3385 involvit
414 3332 588 3394 existentiam,
617 3331 667 3383 hoo
687 3340 729 3383 est
759 3335 821 3397 (per
839 3331 930 3385 coroli.

83 3416 119 3481 t.)
128 3416 174 3483 qui
184 3426 280 3465 omnes
289 3407 474 3476 perfecisses,
495 3420 559 3472 quas
570 3407 604 3460 ro
617 3422 776 3463 eossomme
784 3405 932 3481 perfeetum
