2316 3786
165 538 187 581 x
537 525 728 573 runcano.

166 700 242 753 Conl.
261 715 302 768 ep.
323 700 417 766 30.²¹)
453 699 494 753 lbi
506 713 583 768 saepe
597 702 740 754 amicorum
753 700 918 754 multitudine
937 701 987 753 luit
1003 703 1107 756 cinctae

165 785 230 853 (rid.
245 800 287 851 ep.
303 785 357 850 9.),
376 799 487 852 quornm
504 785 626 853 precibus
638 785 751 852 deniqne
765 793 899 854 permotus
911 789 1012 855 flagam
1026 789 1108 843 cessit

164 885 232 922 anno
245 871 336 933 lobi„
356 870 401 922 ubi
410 871 485 922 initio
495 869 564 936 apud
573 871 677 924 viduam
686 888 737 922 nae
745 871 868 924 Veldanir'
875 871 1012 933 habitavit,
1031 879 1058 924 ct
1071 871 1107 927 ab

164 972 189 1008 a.
202 957 278 1010 loti.
289 957 316 1007 in
326 955 404 1007 domo
412 957 523 1007 Hearicc'
531 971 583 1007 oon
591 956 639 1008 dar
647 957 748 1024 Spyolr,
769 957 875 1024 pictoris
887 955 957 1008 baud
969 957 1106 1023 ignobilis,

164 1043 271 1094 ultimos
279 1043 344 1093 ritae
353 1054 434 1092 annos
444 1039 523 1107 degit.

215 1128 254 1178 lle
263 1126 388 1193 Spinozac
396 1126 530 1178 honestate
539 1135 565 1178 ct
574 1128 667 1179 virtute
677 1127 1104 1181 omniumestunanimisnarratio.

162 1213 267 1266 aterum
278 1211 388 1264 candore
397 1212 446 1263 luit
455 1219 481 1262 ct
495 1212 674 1278 simplicitate,
693 1227 797 1264 summa
808 1212 945 1265 sobrietate
959 1220 985 1265 et
998 1213 1107 1280 elegan-

163 1298 260 1363 tia.²²)
296 1300 327 1348 ln
345 1299 411 1349 ritae
430 1297 617 1349 consuetudine
635 1298 811 1362 gratissimus,
838 1298 919 1349 animi
937 1297 1106 1351 affectionum

163 1381 259 1434 mirum
273 1383 299 1434 in
314 1382 421 1435 modum
436 1390 541 1450 potens,
560 1383 646 1434 animo
663 1383 800 1448 tranquillo
815 1385 891 1435 etiam
904 1384 930 1434 in
945 1382 1105 1437 turbulentis

163 1468 228 1519 vitae
237 1467 396 1530 rationibus,
415 1468 447 1520 ab
458 1469 494 1519 ira
505 1474 531 1519 et
540 1466 678 1519 acerbitate
687 1482 793 1533 prorsus
802 1477 927 1520 remotus.
964 1469 1106 1522 Sermones

162 1554 221 1605 cius
229 1560 302 1605 crant
310 1567 402 1605 suaves
411 1560 437 1604 et
446 1553 578 1606 intellectu
588 1551 684 1614 faciles,
692 1553 821 1604 interdum
831 1553 1106 1619 humoregratomixti.

162 1639 228 1690 curn
244 1638 473 1691 contubernalibus
486 1638 596 1690 libenter
610 1638 754 1690 collocutus
769 1645 823 1698 est,
845 1640 930 1690 tristes
944 1649 970 1690 et
982 1638 1106 1692 infirmos

162 1724 312 1776 consolatus
321 1725 369 1775 lici
379 1739 507 1776 summam
518 1724 671 1789 sapientiam
686 1731 712 1773 ct
724 1723 866 1774 honitatem
881 1724 1050 1775 ostendendo.
1060 1726 1105 1790 ²³)

161 1808 271 1860 Liberos
280 1817 305 1860 ct
315 1810 471 1860 domesticos
480 1808 616 1858 admonuit
629 1816 657 1860 ut
672 1809 821 1874 parentibus
835 1809 941 1859 etheris
955 1808 1104 1873 obedirent,

161 1907 253 1945 omnes
263 1901 292 1945 ut
301 1893 436 1959 diligenter
444 1893 562 1944 coetibus
575 1895 655 1944 sacris
668 1894 832 1945 interessent.
870 1897 929 1960 lpse
939 1894 1102 1956 cordarium,

162 1978 362 2044 praedicatorem
381 1979 503 2030 ccclesiae
522 1978 858 2046 evangelico-Lntheranac‚
878 1979 1010 2031 hominem
1028 1981 1104 2047 plum

162 2063 379 2126 numerabilem,
399 2063 481 2116 Colcri
491 2071 690 2125 antecessorem,
710 2078 906 2130 nonnumquam
916 2066 1022 2126 audivit,
1041 2079 1104 2116 sae-

161 2150 289 2216 piusvero
300 2149 455 2202 decretione
465 2164 524 2201 cum
535 2150 593 2200 aliis
607 2163 636 2200 cr
650 2149 759 2201 ecclesia
772 2149 940 2201 redeuntibus
954 2163 1101 2202 sermonem

160 2234 335 2301 instituit.²⁴)
371 2235 584 2287 hlcditationihus
602 2234 787 2302 philosophicis
806 2235 924 2287 defessus
942 2243 972 2287 ut
983 2234 1100 2286 animum

160 2319 322 2383 exhilararct,
343 2335 402 2374 cum
419 2320 589 2374 familiaribus
599 2320 630 2372 de
640 2321 718 2372 rebus
728 2322 911 2373 minutissimis
921 2320 1043 2372 disseruit
1056 2328 1103 2372 ant

159 2404 308 2456 Nicetianae
333 2419 383 2457 usu
403 2405 531 2457 interdum
551 2420 578 2457 se
597 2405 731 2457 delectarit
750 2407 789 2458 rel
808 2407 984 2472 microscopiis
1001 2406 1102 2459 insecta

159 2488 310 2542 observarit.
351 2492 515 2558 Voluptatem
534 2490 668 2542 honestam
696 2494 801 2552 amarit,
831 2490 877 2542 sed
902 2491 934 2542 ad
956 2493 1102 2544 amicorum

160 2575 274 2627 convitia
288 2576 410 2627 inritatus
425 2575 525 2626 modice
540 2576 593 2626 edit
610 2581 635 2625 et
649 2574 728 2637 bibit,
746 2577 785 2626 uti
800 2576 870 2626 domi
884 2575 992 2627 solebat.
1030 2577 1102 2643 Opes

160 2661 230 2728 parvi
248 2659 328 2711 duxit.
365 2661 508 2713 Multorum
528 2661 657 2711 lautorum
676 2661 770 2726 stipem
789 2662 923 2712 recusarit.
960 2661 1051 2711 Simon
1069 2662 1102 2713 da

160 2744 237 2797 Vries
251 2747 371 2808 „amicus
380 2748 437 2798 cius
447 2747 652 2811 integerrimus“
664 2760 745 2810 quum
755 2747 778 2797 ci
788 2746 1019 2833 2000'llorcnorum
1032 2745 1101 2798 dono

160 2857 328 2870 h———u—

209 2923 244 2974 21)
263 2920 393 2977 Voorhurpi
404 2922 497 2977 scripsit
506 2928 600 2978 practer
609 2922 669 2967 hanc
683 2923 753 2967 etiam
769 2924 836 2979 epist.
848 2926 880 2967 is.
891 2926 923 2966 15.
933 2925 966 2966 ³2.
977 2925 1010 2965 ti.
1021 2925 1055 2967 td.
1065 2925 1101 2970 ³⁸.

155 2981 190 3023 39.
200 2981 233 3021 40.
243 2982 277 3024 ⁴2.
287 2982 321 3024 ld.
331 2982 364 3021 tt.
374 2983 407 3025 lb.
418 2982 451 3024 to.

208 3040 243 3090 ²2)
262 3038 316 3089 „lm
326 3039 398 3095 Haag
405 3037 495 3095 silhrte
504 3053 528 3083 er
538 3038 576 3082 ein
586 3039 673 3092 beben,
686 3039 736 3097 scir
748 3040 845 3084 welches
860 3040 896 3085 dia
908 3038 1046 3084 Gerrhe'cbte
1060 3043 1102 3084 der

157 3095 308 3153 Philosophie
325 3096 378 3140 bein
393 3098 485 3142 amciter
500 3098 606 3155 Beicpiel
613 3098 700 3155 finden
714 3099 810 3158 diirj‘te,
829 3097 1010 3155 ausgezeichnrt
1024 3101 1101 3144 durch

156 3154 298 3211 henrigini
302 3187 309 3208 ,
329 3156 480 3210 δάιώιτὲιὲι,
493 3158 549 3217 frea'
562 3171 608 3200 eon
621 3159 693 3202 allam
704 3161 780 3205 durae
793 3159 855 3203 nach
869 3158 948 3202 Κνὴιιι
962 3163 1012 3202 ned
1024 3159 1101 3213 Herae,

156 3215 308 3271 gerelmiickt
321 3216 365 3259 mr't
378 3218 441 3260 allen
453 3219 594 3275 Tergenden,
613 3218 698 3262 welche
711 3223 754 3264 rtur
768 3219 844 3263 bbere
858 3223 897 3263 der
911 3218 1040 3262 henschen
1053 3234 1102 3262 nrrr

157 3274 235 3318 sieten
244 3273 355 3318 kiuaeec‘
370 3285 414 3322 cet.
443 3278 541 3323 Carolus
552 3279 668 3336 Thomas,
688 3279 787 3335 Spinoaa
798 3279 833 3325 ala
844 3279 1017 3335 ldetapbysilrer
1031 3293 1053 3335 p.
1066 3284 1099 3323 ¹1,

209 3337 244 3381 23»
264 3335 362 3392 llaylior
372 3337 422 3392 ipse
432 3338 447 3381 l.
459 3337 474 3381 l.
486 3351 507 3394 p.
518 3340 565 3382 252.
577 3344 624 3382 not.
636 3338 655 3382 1.
668 3339 706 3394 „ll
717 3352 746 3384 ne
755 3340 826 3384 disalt
836 3340 885 3383 rien
897 3350 925 3383 en
935 3342 1100 3385 conversation

156 3395 195 3450 qui
205 3407 235 3440 nc
245 3393 280 3440 idi
289 3395 411 3441 adibant.“

202 3455 240 3505 2¹)
255 3455 358 3513 Egregie
366 3456 412 3502 bac
422 3457 450 3502 de
461 3469 486 3502 re
497 3456 622 3514 disputarit
632 3455 705 3499 Celer.
716 3469 739 3514 p.
750 3458 796 3503 ott.
807 3469 843 3514 sq.
