2316 3786
1139 258 1148 284 d

714 350 720 367 t

154 497 195 556 14
378 494 612 544 rittxctetoituia
634 494 866 542 virtuosorum

230 671 342 717 continno
351 684 364 716 a
373 669 445 725 linea,
455 670 586 717 recundum
595 680 668 726 quarn
677 681 705 716 er
714 682 741 715 ec
750 674 858 727 pergerat
867 634 965 719 mereri,
978 660 1097 731 deflent&

230 733 302 788 idque
310 731 331 775 ri
342 730 442 776 alicuine
451 740 539 774 murae
549 735 666 774 exteram.
1140 722 1148 758 t

155 810 189 854 lii.
207 809 283 853 Omne
292 817 391 862 eorpus,
409 805 473 859 quod
483 805 629 850 circulariter
638 811 744 850 movetur
757 807 793 857 (ut
805 803 866 860 lacit
879 817 915 850 ex.
926 816 960 861 qr.
971 805 995 850 in
1004 802 1098 874 lunda),
1141 784 1148 876 ἱ

155 875 160 884 “
208 868 319 912 continuo
329 866 511 919 determinatur,
530 872 557 909 ut
565 864 694 909 secundum
705 870 838 920 tangentem
847 870 930 921 pergat
938 874 1036 909 morere.

153 939 186 981 tt.
208 937 284 981 omne
294 944 392 989 cornua,
407 933 470 988 quod
481 930 626 977 circulariter
635 936 750 980 moretur,
765 938 864 977 conatur
872 930 1006 978 recedere·
1017 938 1100 978 centro

206 994 300 1047 circuli,
320 1005 389 1049 quern
401 991 520 1036 describit

1141 1020 1148 1055 i

155 1065 188 1107 iu.
208 1063 231 1108 si
242 1073 328 1116 corpus
339 1060 449 1116 aliquod,
467 1066 523 1115 puta
534 1059 560 1112 A,
581 1070 660 1103 versor
671 1056 734 1102 aliud
744 1068 830 1113 curum
840 1057 964 1113 quiescens
973 1056 992 1100 Β
1002 1067 1101 1103 mern-
1142 1091 1148 1122 ,

205 1129 256 1176 tur,
276 1132 319 1165 nec
329 1127 408 1163 tumen
417 1118 436 1163 lt
446 1125 542 1174 propter
555 1119 668 1174 impetum
683 1117 790 1172 corporis
803 1116 823 1161 A
835 1117 924 1174 aliquid
939 1127 998 1162 auae
1011 1116 1101 1173 quie&
1141 1148 1148 1183 ,

205 1181 310 1232 amittam
329 1190 406 1233 neque
426 1177 496 1222 etiarn
514 1177 533 1222 A
550 1178 587 1222 aui
606 1183 684 1222 motus
701 1174 791 1232 aliquid
809 1176 913 1229 amittet,
936 1175 978 1222 red
997 1176 1100 1223 cendum
1141 1210 1148 1243 ,

206 1239 361 1295 quantitatem
372 1244 462 1290 mutua,
481 1248 552 1293 quarn
563 1243 631 1282 antea
641 1235 758 1291 habebat,
778 1248 874 1292 proraua
884 1234 1003 1281 retinebit.
1143 1270 1148 1302 ,

155 1308 190 1351 ti.
206 1305 283 1350 lictus
294 1305 317 1348 in
327 1317 353 1348 se
363 1310 481 1360 spectatus
492 1303 569 1349 dill'eri
579 1317 592 1350 a
602 1316 644 1351 rua
654 1302 848 1349 determinatione
858 1315 938 1349 versus
949 1308 1039 1349 certam
1054 1301 1101 1350 ati-
1145 1342 1148 1363 ,

208 1375 279 1420 quam
299 1370 404 1419 partem;
424 1374 500 1420 nequa
518 1374 577 1420 eona
595 1370 644 1418 eat,
664 1374 750 1419 corpra
768 1369 859 1408 motum
876 1369 903 1407 nt
916 1362 942 1407 in
956 1363 1102 1409 manain
1144 1398 1148 1417 ,

207 1431 297 1479 partem
309 1423 456 1468 seratursive
467 1422 606 1478 repellatur,
626 1421 772 1479 aliquamdiu
782 1423 913 1480 quiescere.
1146 1424 1148 1428 '

181 1481 288 1527 Coroll.
309 1484 387 1527 llotur
397 1495 443 1526 non
453 1488 489 1527 crt
497 1483 571 1528 motui
581 1483 723 1527 contemne.

155 1551 192 1592 2⁰.
212 1549 235 1593 si
246 1551 359 1605 ccrpuaA
371 1551 463 1606 corpori
474 1550 491 1593 Β
501 1556 609 1595 occurrat
618 1556 642 1594 ct
650 1551 728 1606 ipsam
738 1560 820 1597 aecum
833 1551 923 1607 rapiat,
940 1555 1034 1595 tanturn
1047 1560 1103 1596 rno-

209 1610 429 1712 hrzrgtquuffntgrlffitli
448 1615 543 1666 propter
560 1620 685 1654 occursum
698 1611 717 1653 A
735 1610 765 1655 ab
785 1611 837 1667 ipsc
850 1610 869 1655 A
882 1609 996 1666 requirit,
1011 1609 1046 1654 de
1058 1620 1103 1654 auo

154 1746 189 1788 ut.
210 1743 233 1788 si
242 1754 329 1800 corpur
339 1745 357 1786 A
367 1743 438 1799 duplo
449 1744 525 1789 maius
540 1744 570 1788 sit
583 1755 655 1800 quam
666 1744 697 1797 Β,
718 1751 741 1790 et
754 1757 830 1802 aeque
845 1744 954 1791 celeriter
967 1752 1104 1801 murcatum

208 1802 306 1847 babebit
316 1800 385 1847 etiar'n
395 1804 414 1847 A
423 1802 495 1858 duplo
506 1805 619 1848 maiorem
631 1812 720 1848 motum
730 1817 802 1861 quam
811 1806 839 1862 Β,
853 1807 902 1851 aire
912 1805 960 1849 ritu
968 1805 1000 1849 ad
1010 1815 1103 1862 aequa·

209 1861 256 1906 lem
266 1861 410 1907 celeritatem
420 1874 474 1907 cum
484 1863 501 1906 Β
512 1864 666 1909 retinendam.

159 1941 195 1984 n.
215 1939 238 1983 Si
248 1949 335 1994 corpur
344 1939 363 1981 A
372 1938 473 1994 aequale
482 1940 513 1983 rit
523 1939 614 1993 corpori
625 1937 656 1993 Β,
675 1941 725 1985 etA
736 1939 808 1996 duplo
823 1941 922 1988 celerius
936 1938 1037 1999 quamll
1050 1953 1105 1985 mo-

211 2003 305 2052 veatnr‚
325 1997 359 2042 ris
368 1998 418 2042 aive
428 2004 506 2042 motus
516 1998 539 2041 in
549 2000 567 2041 A
578 1998 622 2042 crit
632 1999 716 2055 duplus
727 2001 800 2055 ipsius
809 1999 836 2044 Β.

184 2055 293 2103 cornil.
312 2059 333 2100 t.
360 2055 413 2112 Quo
422 2068 522 2114 corpora
533 2057 623 2102 cardina
633 2067 768 2118 morentur,
787 2061 900 2117 eomagis
911 2061 939 2105 de
953 2059 1033 2118 quiete
1048 2070 1105 2116 par-

235 2116 341 2172 ticipant.
677 2115 681 2125 '

185 2174 294 2221 Gorcll.
312 2177 333 2216 2
362 2175 385 2219 si
395 2185 481 2232 corpur
490 2177 508 2219 A
517 2174 590 2231 duplo
600 2175 702 2221 celerius
712 2185 834 2223 moueatur
847 2189 919 2235 quara
934 2188 1021 2233 curque
1031 2177 1063 2234 Β,
1082 2183 1106 2222 et

235 2236 253 2279 Β
263 2234 335 2291 duplo
345 2235 421 2280 maiuc
431 2235 541 2292 aliquam
550 2237 576 2289 A¹
589 2237 725 2281 tantundem
736 2245 814 2283 mctur
823 2245 859 2282 est
868 2239 892 2282 in
901 2238 918 2281 Β
928 2238 1022 2294 niori,
1032 2248 1106 2294 quan

237 2295 260 2337 in
269 2295 288 2337 A
298 2294 395 2351 minori,
416 2306 444 2339 ac
453 2294 551 2351 proinde
561 2296 631 2340 eiiam
642 2295 748 2353 aequalis
758 2298 799 2342 rie.

184 2352 292 2397 Coroll.
312 2356 332 2396 ³.
360 2354 438 2399 lictus
448 2366 460 2399 a
472 2353 591 2399 celeritate
601 2356 757 2412 distinguitur.

160 2428 194 2472 2³.
214 2428 293 2484 Quum
304 2429 366 2473 modi
377 2429 477 2475 alicuius
487 2431 593 2486 corporis
599 2432 751 2477 variationem
762 2433 809 2490 pati
820 2439 943 2489 coguntur,
955 2431 995 2477 llla
1006 2432 1103 2477 variatio

211 2499 305 2542 semper
315 2488 360 2532 erit
369 2489 478 2544 minima,
498 2502 559 2546 quae
568 2490 618 2534 dari
628 2497 713 2546 potest.

161 2565 195 2606 tt.
215 2562 273 2616 lieg.
285 2566 304 2604 l.
333 2563 356 2608 si
371 2565 417 2608 duo
432 2577 531 2620 corpora
551 2566 616 2620 (puta
627 2568 645 2609 A
658 2574 681 2612 et
690 2567 718 2618 Β)
732 2573 811 2612 errent
823 2567 894 2623 plana
907 2567 1032 2624 aequalia,
1052 2574 1074 2613 et
1083 2568 1107 2612 in

212 2622 326 2666 directum
337 2635 417 2668 reraua
428 2636 453 2668 sc
463 2624 562 2668 invicem
572 2636 649 2681 aeque
662 2624 774 2672 velociter
789 2635 951 2682 morerentur3
972 2638 1046 2682 quum
1060 2626 1107 2672 aibl

213 2688 295 2725 mutuo
305 2690 444 2737 occurrunt,
463 2689 591 2740 utrumque
601 2683 625 2728 ln
635 2686 777 2731 contrariam
791 2692 882 2741 partem
896 2684 1032 2730 reflectatur
1041 2685 1107 2732 nulla

213 2752 271 2785 suae
281 2740 408 2786 celeritatis
419 2749 485 2797 parte
495 2741 591 2787 amissa.

162 2816 197 2858 Β.
217 2813 306 2870 Item.
335 2817 357 2861 Si
368 2818 433 2862 mole
442 2823 521 2863 creent
530 2818 676 2877 inaequalia,
693 2818 808 2876 unempe
821 2820 898 2865 maius
913 2832 984 2878 quam
999 2821 1031 2878 A,
1051 2832 1108 2865 cac-

215 2877 271 2919 teris
281 2881 307 2919 ut
316 2877 380 2930 prius
390 2877 486 2933 positis,
506 2886 561 2922 tunc
570 2879 647 2923 colum
657 2880 675 2922 A
686 2879 831 2935 cruentetur,
851 2886 875 2924 et
887 2885 1014 2936 utromque
1024 2881 1108 2925 eadem

215 2933 335 2979 celeritate
345 2942 425 2992 perget
434 2938 531 2982 moueri.

163 3009 198 3052 κ.
218 3010 242 3054 si
252 3009 315 3055 molo
329 3017 353 3055 et
366 3010 487 3057 celeritate
501 3013 548 3057 alat
560 3012 708 3071 inaequalia,
725 3014 745 3058 Β
759 3027 844 3072 nerape
858 3012 929 3070 duple
944 3016 1021 3063 malua
1036 3026 1109 3072 quarn

213 3069 246 3122 A.
264 3077 343 3115 motui
360 3082 416 3116 rerc
431 3071 455 3115 iu
467 3071 487 3115 A
499 3071 572 3128 duplo
585 3073 697 3127 celerior,
716 3086 787 3130 quam
803 3075 826 3118 in
838 3073 869 3127 Β,
889 3075 988 3120 cartem
1002 3082 1030 3121 ut
1041 3076 1109 3131 nriur

214 3130 311 3186 peritia,
330 3129 402 3174 ambo
412 3131 436 3174 in
448 3133 591 3176 cnutmriam
606 3139 696 3189 partem
711 3133 859 3178 rellectentur
872 3144 1017 3191 unoquoque
1028 3146 1109 3190 mam,

215 3201 287 3246 quarn
299 3189 431 3243 habebant,
451 3190 595 3235 celeritatem
605 3193 728 3236 retinente.

190 3246 298 3351 Gortollz
322 3249 493 3352 lieteraniqatic
502 3251 571 3295 uulua
581 3252 687 3306 corpori·
697 3250 820 3307 acqoalcra
830 3251 876 3297 rim
885 3253 1021 3309 requiritur
1029 3259 1109 3300 raum·

253 3320 293 3361 ur.
313 3321 385 3365 quarn
396 3320 434 3353 mo
445 3321 482 3355 ua.

163 3385 198 3428 ti.
217 3382 277 3438 lieg.
288 3387 308 3427 t.
336 3384 360 3430 si
381 3385 444 3429 mole
461 3386 509 3429 sint
526 3385 647 3442 amiralio,
667 3384 740 3430 cad-B
759 3386 849 3430 tantillo
866 3386 969 3433 celerina
988 3394 1111 3433 moueatur

214 3454 287 3499 quarn
295 3444 328 3503 A,
348 3455 396 3489 non
407 3451 497 3490 tantum
506 3445 710 3491 Ainooncrariam
718 3452 810 3502 panem
817 3444 967 3504 relleetetm,
985 3448 1028 3494 red
1038 3447 1110 3494 edam
