2316 3786
120 499 140 560 ὅ
270 500 314 544 DE
331 498 507 547 rslrtcieus
529 452 762 546 Pnlbosea‘fllaz
781 500 914 546 cabum.

120 678 249 741 Quocirca
257 684 288 729 ut
299 677 341 729 bis
354 675 455 742 aliquid
468 675 580 729 subsidii
593 675 749 739 adiceretur,
767 690 955 745 saepenumero
970 677 1065 745 optari,

119 755 233 821 aliquem
243 753 424 819 tamanalpticl
434 767 512 819 quom
521 752 657 820 synthetici
672 753 771 805 ordinis
784 753 898 821 peritum
911 767 942 804 ao
956 753 984 805 in
998 754 1066 806 seri-

119 832 171 898 ptis
181 830 287 883 Cartesii
296 831 413 897 apprime
422 836 552 882 uersatum
560 829 683 895 illiusque
692 829 872 898 philosophiae
881 829 987 897 penitus
1000 844 1067 896 gua-

119 921 178 960 rum
196 921 303 958 manum
321 907 393 973 operi
410 905 560 965 admoveto,
580 911 606 956 et
619 918 685 970 quae
699 905 743 957 ille
756 905 846 958 ordine
859 904 986 974 analytico
1001 920 1067 958 eon-

118 985 271 1050 scripscrat,
295 981 505 1049 insyniheticum
519 981 635 1048 redigere
648 996 678 1033 ac
696 996 767 1034 more
786 983 926 1048 geometria
944 981 1066 1035 familiari

118 1059 295 1112 demonstrare
308 1057 383 1110 velle.
419 1061 477 1111 imo
490 1061 561 1125 ipse,
586 1058 703 1123 quamvis
717 1072 790 1111 meae
808 1059 941 1111 tenuitatis
959 1058 1065 1112 munde

118 1137 241 1188 conscius
248 1149 278 1186 ac
289 1141 359 1186 muto
369 1136 441 1201 operi
450 1135 526 1200 louge
535 1136 618 1202 impar
627 1136 693 1196 sim,
707 1134 735 1186 id
743 1135 830 1202 ipsum
840 1142 925 1187 tamen
934 1143 1065 1204 praestare

117 1228 195 1280 saepe
208 1213 235 1263 in
248 1213 367 1263 animum
381 1226 470 1264 meum
484 1211 587 1272 induri,
605 1212 669 1276 quin
684 1211 761 1263 etiam
774 1226 912 1277 aggressus
925 1211 973 1264 iui.
1011 1210 1066 1264 Sed

118 1290 184 1341 allae
201 1288 300 1353 quibus
312 1289 464 1356 saepissime
478 1287 607 1340 distrahor
620 1287 686 1338 mibi
700 1287 766 1340 illud
778 1288 917 1356 peragendi
932 1289 1000 1341 riam
1013 1287 1066 1340 ob-

117 1372 256 1433 sepserunt
264 1367 457 1431 occupationes.

170 1443 353 1496 Gratissimum
369 1443 456 1506 itaque
466 1439 531 1493 mihi
539 1440 634 1493 accidit
642 1455 672 1493 er
688 1447 819 1493 auctore
836 1447 949 1493 nostro
966 1439 1065 1493 intelli-

116 1534 190 1584 gere,
210 1533 238 1570 so
252 1517 381 1585 discipulo
399 1517 503 1569 cuidam
518 1533 582 1580 suo,
601 1516 665 1569 dum
679 1533 740 1569 eum
758 1517 896 1569 Cartesii
912 1515 1065 1585 philoso-

117 1595 222 1662 phiam
240 1595 356 1655 doceret,
385 1593 561 1647 secundam
583 1594 818 1660 principiorum
836 1600 958 1661 partem
976 1593 1064 1646 inte-

115 1687 201 1737 gram
219 1678 391 1738 ncpartem
408 1672 525 1723 tertiae
542 1684 629 1721 more
647 1669 704 1721 illo
718 1670 914 1735 geometrico
932 1671 1064 1722 demon-

115 1755 249 1809 stratas,
279 1762 335 1799 nec
358 1762 421 1798 non
452 1746 649 1814 praecipuas
675 1746 955 1812 difficilioresque
982 1760 1064 1812 quae

114 1824 147 1874 in
161 1823 398 1891 metaphysicis
411 1824 610 1875 ventilantur
624 1823 1063 1889 quaestionesatqueaCartesio

115 1901 233 1953 nondum
243 1901 365 1952 enodatas
375 1901 501 1962 dictasse,
520 1907 599 1965 atque
611 1899 675 1951 hacc
688 1914 740 1950 una
753 1914 768 1950 a
781 1914 810 1951 se
824 1906 938 1951 correcta
952 1906 1064 1951 ctaueta

114 1983 143 2027 ut
159 1976 246 2029 lucem
263 1975 440 2044 adspicerent,
460 1977 554 2029 amieis
566 1975 593 2026 id
612 1990 777 2042 summopere
791 1975 970 2042 expetentibus
983 1982 1064 2042 atque

115 2053 327 2119 extorquentibus
347 2056 518 2106 concessisse.
556 2053 630 2104 Unde
648 2053 727 2103 etiam
745 2052 879 2117 equidem
897 2052 926 2104 id
944 2052 1061 2119 probari,

114 2130 247 2195 simulque
256 2144 360 2197 operam
371 2145 471 2193 meam,
492 2130 592 2182 sieoin
602 2128 702 2181 edendo
712 2135 807 2193 egeret,
826 2131 951 2180 exanimo
961 2127 1060 2190 obtuli;

113 2222 144 2257 ao
162 2207 235 2258 suasi
252 2214 397 2274 praeterea,
418 2209 470 2259 imo
488 2207 588 2272 rogaui,
617 2214 647 2257 ut
664 2205 798 2271 primam
816 2219 921 2271 quoque
938 2205 1062 2273 princi·

112 2283 237 2349 piorum
255 2290 379 2348 partem
397 2284 510 2335 similem
525 2283 652 2347 redigeret
665 2283 692 2332 in
707 2281 824 2334 ordinem
837 2296 868 2333 ac
880 2281 923 2333 his
936 2281 1062 2348 praemie-

113 2365 191 2420 teret,
212 2372 264 2424 quo
274 2357 307 2409 ah
317 2374 364 2410 ovo
375 2374 416 2411 res
425 2359 475 2410 boc
483 2360 561 2410 modo
571 2359 696 2424 disposita
706 2366 732 2410 et
741 2359 835 2410 melius
845 2357 955 2424 intelligi
965 2366 991 2410 et
1003 2372 1061 2410 ma·

113 2436 154 2502 gis
171 2435 273 2501 placere
288 2443 386 2501 posset.
424 2435 501 2498 Quod
511 2450 593 2500 quum
603 2450 708 2486 summa
720 2437 820 2486 ratione
837 2436 885 2486 niti
903 2435 1016 2495 videret,
1036 2440 1062 2486 et

112 2512 191 2564 amici
205 2510 327 2578 precibus
342 2517 369 2562 et
381 2510 484 2563 lectoris
498 2511 601 2563 utilitati
620 2511 746 2575 denegare
762 2511 860 2570 noluit;
880 2512 1000 2575 meisque
1018 2512 1062 2562 in-

112 2602 193 2655 super
211 2588 282 2638 curis
300 2593 384 2638 totum
402 2594 455 2639 tam
472 2587 667 2653 impressionis,
687 2592 769 2651 quum
779 2587 869 2653 procul
879 2587 912 2638 ub
926 2586 992 2639 urbe
1006 2587 1061 2638 ruri

112 2665 189 2730 degat
204 2664 321 2728 adeoque
339 2663 377 2714 illi
396 2663 488 2715 adesse
506 2677 559 2714 non
576 2664 674 2729 possit,
695 2677 772 2728 quarn
786 2663 908 2716 editionis
927 2665 1061 2729 negotium

112 2741 253 2794 commisit.

163 2819 234 2868 llaec
248 2816 326 2880 igitur
339 2823 401 2866 sunt
415 2831 481 2880 quae
495 2816 557 2876 tibi,
577 2815 687 2867 candide
699 2815 794 2878 lector,
814 2817 906 2869 damus
919 2815 969 2867 hoc
982 2817 1011 2867 in
1024 2817 1061 2868 ll·

111 2893 194 2945 bello:
215 2906 309 2958 nempe
328 2893 440 2943 lienati
462 2894 526 2944 Bes
544 2893 656 2944 Cartes
678 2893 811 2959 primam
834 2900 864 2945 et
885 2893 1060 2944 secundam

111 2970 348 3037 principiorum
374 2968 602 3036 philosophiae
628 2977 753 3035 partes,
785 2984 846 3020 nna
874 2983 943 3021 cum
971 2969 1060 3035 lrag-

85 3053 217 3101 mento
237 3043 397 3109 tertiae'),
420 3045 517 3111 quibus
539 3047 644 3098 nostri
664 3047 811 3098 auctoris
829 3047 971 3112 cogitata
990 3061 1059 3098 rue-

111 3122 277 3190 taphysica
296 3124 425 3174 nomine
443 3123 633 3189 appendicis
652 3122 844 3174 subiunximus.
880 3123 988 3174 Atvcro
1002 3124 1060 3190 pri-

162 3273 182 3324 ·)
200 3270 304 3317 Renati
324 3272 374 3316 des
394 3271 495 3318 Cortes
514 3273 662 3330 principia
686 3271 897 3330 philosophiae
920 3272 1060 3328 prodierunt

109 3328 238 3375 Amstelod.
251 3330 308 3375 atet.
327 3333 349 3376 i.
368 3337 392 3375 et
401 3338 508 3378 constant
518 3339 620 3389 quatuor
628 3331 747 3388 partibus:
767 3332 786 3378 l.
802 3333 831 3377 do
845 3330 965 3389 principiis
975 3331 1058 3387 cogni·

110 3389 180 3437 tionis
194 3389 324 3448 humanae3
345 3391 377 3436 11.
397 3393 426 3436 de
440 3392 560 3448 principiis
575 3404 654 3436 rerum
669 3392 840 3449 materialium
860 3391 905 3437 lll.
925 3390 954 3435 de
968 3391 1058 3436 mundo

101 3449 277 3508 :aspectabile
299 3447 339 3496 iv.
361 3452 390 3496 de
409 3459 479 3497 terra·
