2316 3786
414 500 543 548 aarum
564 502 756 551 numerio.
1041 512 1061 568 5

124 677 287 745 abeamus
295 677 507 738 demonstrarit.
527 683 554 728 et
566 677 704 742 omnibus,
724 679 771 746 qui
784 680 856 734 iliius
870 680 981 753 seriptis'
991 704 1061 741 nun·

124 757 249 819 quantis
257 754 409 808 hnmdis
418 755 537 806 animum
547 752 838 823 soduioappiiouerunt,
848 758 1060 820 teeemortdiana

156 840 321 975 Eam
324 905 491 959 nobilissimi
500 910 579 970 atque
592 906 803 975 incomparabilis
811 908 891 962 huius
903 912 949 964 viri
963 917 1059 983 scripta

113 983 278 1052 pbimbiea
296 983 514 1036 mathematicam
534 981 729 1037 demonstrandi
745 986 872 1037 rationem
889 1002 921 1039 ae
939 990 1056 1044 ordinem

113 1064 263 1124 mntinmnt,
283 1077 342 1113 non
361 1069 450 1112 tamen
468 1060 519 1111 ista
538 1061 671 1113 communi
685 1076 715 1112 ao
728 1061 756 1113 in
768 1062 905 1115 elementis
922 1064 1058 1120 Euclideis

113 1141 259 1204 natumque
268 1139 419 1204 geometris
426 1137 537 1199 osium,
556 1149 608 1202 qua
621 1150 715 1205 nempe
728 1139 881 1205 praemissis
895 1139 1057 1194 definitioni-

112 1210 169 1275 bu,
189 1214 334 1282 postulatis
353 1221 432 1279 atque
449 1211 621 1264 axiomatibus
638 1214 829 1280 propositiones
847 1229 989 1282 earumque
1008 1219 1057 1271 de-

112 1294 305 1344 muationas
323 1289 538 1356 subiunguntur,
557 1297 654 1340 aurata
672 1296 747 1351 sunt;
772 1291 819 1342 sed
833 1290 882 1343 alia
896 1292 1009 1345 multum
1021 1295 1056 1347 ab

111 1364 274 1430 baedirm,
294 1380 379 1434 quam
392 1366 449 1432 ipse
463 1372 489 1417 et
501 1379 587 1419 veram
601 1366 776 1432 optimamque
790 1365 821 1417 ed
832 1366 979 1421 docendum
988 1371 1056 1423 riam

112 1450 135 1493 ιι
148 1444 344 1513 auaiptiaam
360 1449 443 1495 vocat.
479 1442 617 1510 Duplioem
631 1442 741 1493 enimin
755 1441 807 1494 fluo
824 1445 1056 1512 responsionis

110 1518 144 1569 ad
157 1520 320 1573 secundas
341 1518 548 1571 obiectiones
565 1518 708 1585 apodictica
722 1518 916 1572 demonstrandi
928 1521 1054 1575 rationem

114 1596 262 1663 emmim,
273 1610 357 1648 unam
368 1609 416 1662 per
427 1595 591 1662 analysin‚
611 1611 779 1662 queaverom
788 1599 860 1648 oium
869 1598 990 1663 ostendit,
1003 1615 1056 1665 per

117 1686 233 1736 mres
242 1672 397 1725 methodica
406 1677 434 1722 et
442 1677 570 1738 tunquam
579 1688 596 1722 a
603 1675 693 1740 priori
700 1674 806 1723 irruente
816 1679 856 1724 ert
866 1679 926 1737 eim,
947 1674 1054 1727 alteram

114 1759 154 1813 ptr
166 1750 359 1816 synthesim,
378 1763 448 1814 quoe
464 1749 554 1798 utitur
571 1748 651 1814 ionga
670 1748 867 1814 definitionum,
883 1753 1052 1816 petitionum,

114 1829 284 1891 nomnium,
318 1827 514 1876 theorematum
537 1830 564 1874 et
580 1825 777 1892 problematum
793 1828 876 1890 aeria,
900 1832 933 1878 ut
947 1831 973 1877 ri
990 1829 1057 1894 quid

113 1902 159 1966 ἕρπ’
169 1920 204 1954 ιε
216 1903 443 1968 consequentibus
454 1906 584 1966 negetur,
603 1901 633 1951 id
646 1905 676 1951 in
693 1903 907 1954 enteoadentibus
924 1907 1055 1954 contineri

115 1980 343 2039 detineamini,
364 1982 456 2044 sieque
466 1993 482 2027 o
494 1978 590 2028 ieetore
600 1983 767 2044 quantumvis
775 1985 941 2047 repugnante
951 1998 983 2031 oe
993 1997 1053 2047 per·

118 2054 189 2104 tiaaei
196 2058 377 2107 sermionem
388 2058 551 2119 extorqueat
558 2061 606 2105 eiu.

159 2132 342 2184 Verumtamen
357 2130 419 2182 lieet
433 2132 460 2182 in
476 2137 585 2195 utraque
599 2130 793 2182 demonstrandi
808 2132 907 2183 ratione
917 2132 1054 2195 certitudo,

122 2219 245 2267 tutorum
254 2223 366 2260 omnem
377 2206 549 2258 dubitationis
562 2206 643 2258 aleam
658 2209 742 2274 posita
756 2215 809 2270 est,
828 2208 983 2274 reperiatur,
1002 2224 1054 2260 non

127 2284 229 2335 omnibuis
243 2294 358 2349 utraque
377 2297 460 2348 aeque
478 2282 551 2333 utilis
569 2291 646 2348 atque
665 2284 801 2335 commoda
816 2285 908 2335 existit.
944 2285 1054 2337 Plurimi

124 2359 180 2409 roim
188 2362 427 2414 matbematicorum
438 2359 604 2410 scientiarum
616 2361 691 2427 piane
702 2360 793 2421 rudes,
814 2361 929 2427 adeoque
939 2362 1054 2415 methodi

118 2437 220 2497 quine
229 2440 398 2506 conscriptae
407 2442 472 2488 sunt
480 2435 652 2502 synthetieee,
673 2439 1055 2507 etquuintentuesuntanaly-

116 2512 167 2563 tirae
183 2530 291 2581 morsus
307 2514 406 2581 ignari,
425 2527 482 2573 res,
504 2527 569 2577 quae
587 2513 627 2564 his
641 2515 667 2565 in
681 2515 756 2566 tibris
770 2521 969 2581 pertractantur,
989 2531 1054 2583 apo-

115 2585 193 2641 diuite
205 2591 402 2643 demonstratae
416 2603 466 2640 neo
480 2589 587 2641 sibimet
600 2592 664 2657 ipsis
678 2592 782 2655 assequi
797 2605 844 2642 nec
863 2593 920 2643 aliis
934 2592 1053 2644 exhibere

114 2676 207 2727 queunt
245 2667 323 2719 Unde
342 2667 457 2726 iactum,
477 2667 609 2728 etmulti,
629 2668 673 2732 qui
691 2674 825 2717 antenero
840 2669 938 2735 impetu
952 2669 1052 2736 abrepti

111 2750 146 2791 tut
154 2743 262 2796 aliorum
272 2745 429 2795 auctoritate
440 2741 513 2792 ducti
523 2742 635 2795 (lartesio
649 2758 744 2793 nornen
758 2743 899 2805 dederunt,
919 2746 975 2797 eius
990 2761 1053 2798 sen-

111 2821 204 2871 mnam
214 2831 295 2888 atque
305 2820 429 2884 dogmata
444 2820 623 2871 tantummodo
633 2821 776 2883 ¹memoriae
790 2822 990 2887 impresserunt,
1011 2833 1053 2875 at-

111 2897 204 2957 qoeubi
215 2899 248 2950 de
257 2898 294 2948 iis
303 2911 393 2948 sermo
403 2894 511 2955 incidit,
531 2895 615 2946 solum
630 2896 730 2948 eiiutire
740 2897 874 2962 multaque
885 2899 916 2950 de
926 2900 983 2952 istis
992 2915 1053 2965 gar-

109 2972 163 3034 rire,
181 2975 246 3026 nibil
256 2981 349 3025 autem
359 2973 540 3023 demonstrare
549 2974 644 3033 sciant,
665 2975 886 3038 quemadmodum
896 2976 959 3027 olim
970 2976 1053 3029 iuitet

109 3048 180 3103 tdbua
202 3051 284 3103 bodie
305 3048 497 3116 Peripateticae
524 3047 701 3115 philosophiae
724 3050 835 3103 addictis
857 3053 974 3104 solemne
1002 3061 1050 3104 est.
1069 3096 1073 3102 .

108 3159 267 3176 ᾗ..

147 3228 166 3277 ’)
183 3226 233 3272 tit.
253 3226 365 3272 lienati
385 3224 438 3269 des
457 3222 558 3267 Cautes
576 3225 739 3271 meditationes
759 3227 788 3271 de
801 3228 876 3283 prima
890 3226 1051 3284 philosophia,

107 3280 124 3327 to
141 3287 223 3343 quibua
241 3287 288 3331 Dei
310 3283 439 3329 existentia
459 3288 483 3326 et
495 3282 587 3327 animae
601 3284 719 3328 humanae
734 3298 747 3329 a
762 3297 860 3340 corpora
874 3286 993 3331 distinctio
1008 3287 1051 3330 de-

107 3353 262 3393 mirantur.
291 3344 339 3391 ilis
349 3342 543 3388 adiunctaasunt
556 3342 633 3387 variae
649 3342 793 3389 obiectiones
809 3345 931 3390 doctorum
946 3346 1050 3390 virorum

108 3402 181 3504 Q
190 3407 293 3502 ἵὶῧῐειιιιι4
295 3401 419 3506 ‘²1:29⁸
435 3399 646 3446 demonstrationes
658 3413 712 3447 eum
725 3401 922 3463 responsionibus
937 3407 1056 3459 auctoris.
