2316 3786
84 623 114 665 vl
459 615 651 662 PMEFATIO.

83 805 164 858 quum
174 788 314 856 bibliopola
328 790 375 842 tria
388 789 533 854 uolumina,
553 790 649 858 quibus
662 788 926 858 comprehendentur,
946 792 1023 844 etiarn

84 875 184 943 singula
195 875 271 928 edict
281 874 450 928 vendivellet.
474 878 566 941 ltaque
574 876 624 928 boc
630 881 719 944 primo
728 882 799 928 tomo
807 877 936 943 prodeunt
945 891 1023 943 opera

81 960 260 1030 philosophica
268 959 380 1024 „ordine
388 961 544 1029 geometrico
554 961 748 1014 domonstrata“
763 963 783 1012 i.
794 976 818 1014 e.
829 961 1022 1028 Carteaiipnin-

81 1049 153 1114 cipio
165 1047 364 1113 philosophiae,
385 1045 482 1112 quibus
501 1046 628 1099 accedunt
645 1049 767 1112 cogitato
783 1048 978 1114 metaphysica,
996 1053 1022 1096 et

81 1134 179 1183 etbicn.
198 1133 290 1182 Altero
300 1133 641 1197 sequenturdeintetleetru
649 1133 829 1183 emmdotionc
838 1131 1020 1198 fragmentum,

81 1222 213 1268 nactum
221 1216 350 1283 politione
363 1225 389 1269 et
397 1219 534 1284 epistolae.
569 1217 689 1282 Denique
703 1223 772 1268 tomo
786 1219 866 1267 tertio
880 1215 1023 1282 theologica

81 1303 99 1352 i.
114 1315 138 1354 e.
158 1307 290 1353 tractatus
303 1303 589 1370 theologico-politicus
602 1310 628 1353 et
642 1301 822 1370 compendium
833 1304 1023 1367 grammatices

81 1386 190 1452 linguae
199 1388 345 1438 Hebraeae.

132 1471 184 1525 Sed
196 1480 227 1523 ut
240 1479 322 1523 totum
335 1473 466 1538 negotium
481 1473 549 1524 iusto
568 1472 658 1524 ordine
676 1471 799 1538 procedat
816 1484 901 1537 neque
918 1476 1022 1522 nostrae

80 1556 187 1609 editioni
197 1556 295 1622 aliquid
305 1555 380 1619 desit,
400 1556 471 1623 quod
479 1556 619 1609 desiderari
628 1558 750 1624 potuerit,
768 1557 882 1623 primum
891 1556 1022 1623 paucadc

80 1643 237 1709 Spinozae
256 1643 333 1704 vita,
356 1642 449 1693 deinde
471 1641 507 1694 de
524 1643 594 1693 cius
616 1642 766 1709 scriptis,
787 1649 841 1693 tum
860 1640 896 1694 dc
914 1640 1023 1691 literis

79 1727 139 1779 huc
156 1728 394 1795 spectantibus,
415 1727 526 1793 denique
540 1727 578 1780 de
591 1728 689 1780 libris
703 1726 761 1779 hoc
774 1727 934 1778 volumine
949 1740 1025 1778 con-

79 1814 179 1865 tentis
196 1812 340 1881 praelabor.

465 1917 632 1928 „—

131 2027 170 2078 Ao
183 2028 295 2093 primum
310 2026 416 2092 quidem
430 2026 543 2093 Spinozo
556 2024 746 2077 dmstelodami
766 2031 842 2075 natus
859 2031 899 2075 est
917 2023 957 2074 die
976 2026 1020 2077 ll.

78 2111 232 2164 Novembris
249 2113 310 2163 anui
326 2113 402 2164 rats.
418 2120 489 2177 patra
503 2110 598 2162 Iudaeo
614 2111 739 2162 Lusitano
755 2116 909 2170 mercatore,
936 2109 1020 2174 quiin

80 2197 162 2263 patria
171 2203 275 2249 ventus
284 2198 451 2249 inBatariam
467 2197 657 2262 migraverant)
693 2196 844 2262 cognomen
857 2195 957 2260 acecpit
970 2194 1020 2244 Bn-

129 2367 152 2417 t)
167 2366 232 2409 Vitas
243 2366 318 2409 lontes
328 2371 382 2410 sunt
393 2365 466 2419 ipsius
475 2363 575 2418 scripta,
591 2363 696 2418 inprimis
707 2362 833 2419 epistolae;
853 2362 936 2407 deinde
952 2372 1022 2417 prae·

80 2424 180 2468 latioues
189 2424 218 2467 ad
230 2425 343 2479 principia
354 2423 517 2479 philosophiae
527 2429 551 2466 et
560 2435 631 2478 opera
642 2423 774 2478 posthuma.
803 2421 949 2466 Peculiarem
961 2421 1021 2463 vitae

80 2483 261 2537 descriptionem
271 2482 364 2538 Belgice
378 2484 490 2539 scriptam
505 2482 694 2528 b'ltraiect.1698.
709 2482 799 2537 primus
814 2477 944 2525 ediditlod.
956 2477 1020 2520 Cole-

79 2555 133 2592 rur,
158 2541 258 2586 clericus
283 2541 398 2586 ecclesiae
415 2540 685 2596 evangel.-Lutberauae
704 2540 831 2596 llagensis,
850 2540 956 2585 eiusdem
975 2538 1019 2581 do-

80 2614 132 2646 mus
146 2601 277 2656 habitator,
297 2603 319 2645 in
335 2614 382 2658 qua
397 2602 496 2657 spinoza
511 2613 552 2656 per
565 2601 680 2656 quosdam
695 2611 768 2644 annos
783 2607 889 2644 versatus
899 2605 957 2644 erat.
985 2597 1019 2641 Ab

80 2661 221 2717 aequalibus
236 2661 287 2705 eius
302 2667 324 2705 et
338 2659 548 2706 contubernalibus
562 2659 636 2704 multa
651 2665 816 2715 percunctatus
831 2666 879 2714 est,
899 2666 922 2703 et
935 2670 1021 2714 quarn-

79 2721 113 2764 ris
128 2719 291 2776 philosophiae
306 2721 356 2765 eius
370 2720 589 2764 vehementissimus
604 2719 751 2765 adversarius
769 2718 866 2762 minime
881 2719 904 2762 in
919 2718 964 2760 vita
979 2717 1021 2759 de-

78 2778 203 2824 scribenda
214 2780 315 2835 partium
325 2780 452 2824 studiosus.
477 2778 541 2823 idem
552 2778 613 2823 liber
623 2780 645 2823 in
656 2777 758 2834 linguam
769 2775 884 2822 Gallicam
895 2775 1020 2820 translatus

79 2839 197 2895 prodiitb.
208 2845 238 2883 t:
259 2838 309 2886 ..La
324 2839 359 2883 uie
374 2839 402 2884 de
413 2839 524 2895 spinosa,
540 2839 598 2883 tiree
611 2840 652 2883 des
666 2837 735 2882 ecrite
749 2837 778 2882 de
792 2848 819 2881 cc
834 2837 928 2881 lameur
944 2834 1021 2891 pbilo-

79 2899 152 2953 sopbc
162 2906 185 2943 et
194 2900 225 2942 du
237 2898 383 2953 tcmoignaga
393 2900 422 2943 de
433 2897 549 2953 plusieurs
563 2910 692 2953 personnes
706 2897 785 2952 dignes
800 2897 829 2941 de
844 2897 890 2951 iol,
909 2896 949 2953 qui
965 2895 1022 2938 l'ont

79 2970 155 3001 connu
170 2957 392 3012 particulidremeut.
421 2957 468 3001 Par
479 2956 542 2999 Jenn
558 2956 652 2999 Colerm
663 2957 767 3001 ministre
786 2957 815 3000 de
829 2956 918 3010 l'dgllse
933 2953 1022 2997 buthc-

78 3018 159 3061 rienne
174 3019 203 3061 de
218 3017 239 3061 la
255 3018 343 3072 llaye.''
369 3016 563 3070 Alallapetltld.
578 3019 598 3060 8.
627 3017 692 3060 Hanc
707 3016 922 3072 interpretationem
933 3012 1021 3058 Paulus

80 3080 146 3126 (tom.
159 3076 189 3120 ll.
201 3089 253 3132 pag.
264 3077 386 3126 593-665.)
402 3083 425 3120 et
434 3075 545 3121 Giroerer
559 3077 582 3120 iu
596 3088 651 3121 suas
662 3075 774 3120 editiones
785 3079 932 3130 receperunt.
960 3071 1021 3115 Fons

79 3141 115 3181 est
123 3134 220 3181 Golcrus
231 3137 335 3181 omniurn
350 3137 515 3190 gravissimus,
534 3147 562 3179 ex
576 3147 623 3192 quo
637 3135 708 3179 ceteri
724 3135 773 3180 iere
786 3145 869 3179 omnes
883 3133 1021 3176 hauserunt,

27 3224 41 3259 3
79 3194 231 3239 Germanice:
250 3197 318 3246 „llas
327 3194 402 3237 laten
411 3197 451 3238 dee
461 3194 520 3238 Bon.
530 3205 575 3235 uon
586 3192 694 3249 Spinoaa
703 3206 747 3236 aue
757 3197 802 3238 den
812 3189 938 3248 Sclnytm
948 3190 1022 3233 dieses

78 3253 209 3311 derasenen
223 3253 370 3296 Weltweiaen
440 3251 587 3298 tacianum
596 3265 641 3294 cort
649 3251 703 3295 soi.
716 3253 803 3296 Coiero.
822 3251 873 3294 Arte
882 3253 935 3293 dem
944 3249 1022 3292 Fran·

77 3311 126 3354 eila.
137 3314 254 3357 iibereeiet
263 3327 287 3355 re.
302 3312 345 3355 mit
354 3314 537 3370 Anmerbungen
551 3309 695 3356 onmetref‘
720 3310 824 3369 Franks.
833 3324 857 3352 re.
868 3308 950 3365 Leipr.
963 3311 1021 3350 ltus.

78 3375 98 3414 8.
126 3373 232 3428 Repetite
248 3380 283 3418 est
296 3373 355 3417 baec
364 3373 441 3418 doleri
450 3374 576 3430 descriptio
586 3372 749 3416 additamentis
760 3369 903 3427 interpositis
912 3369 936 3412 in
947 3368 1022 3413 librot

78 3432 232 3483 „lielutatiou
242 3433 283 3478 des
294 3444 388 3477 erreurs
398 3434 426 3477 de
436 3433 519 3478 Bduoit
528 3435 557 3477 de
566 3432 667 3487 spinosa
677 3443 720 3487 par
727 3429 777 3474 air.
787 3431 815 3473 de
823 3428 927 3472 Fiae'loe
936 3427 1023 3472 areba-

69 3487 146 3556 νιξᾳιις
154 3491 185 3557 (ξε
191 3490 319 3547 samerey,
324 3503 370 3548 par
378 3491 433 3537 leP.
438 3491 515 3550 Lamp
523 3489 658 3536 Benedictio
668 3497 691 3535 et
701 3488 796 3546 parntr.
803 3489 823 3531 le
833 3489 942 3532 comtede
949 3483 1020 3528 Borei-

54 3541 321 3599 “¹¹⁶0‘l11mnreela
333 3552 371 3597 sle
381 3552 410 3598 dc
420 3551 461 3612 dp.
473 3551 546 3600 dcrite
555 3562 597 3608 par
605 3549 651 3595 ldr.
662 3547 721 3594 teau
729 3547 825 3594 Colerus
881 3543 1022 3602 augmentee
