2316 3786
94 34 1103 389 -,

451 491 535 537 Pali!
554 492 575 538 1.
748 444 764 477 θ
944 500 987 562 37

93 670 288 737 hedum
297 667 578 736 eitqddporitimn.
593 683 791 735 recuperamur
799 673 899 738 diem,
914 680 987 744 quod

93 749 196 801 “m
206 762 266 816 pm
280 760 370 798 enm
389 744 457 811 (per
469 758 518 794 a.
535 742 585 808 7.).
621 745 699 810 Ergo
713 746 832 812 eliqm
839 756 984 818 potitium

92 830 190 879 natae
198 827 361 886 rationein,
382 823 553 882 monetat,
572 823 712 886 animm
722 822 854 888 dem,
872 842 983 895 caraque

92 918 162 967 u,
183 903 240 952 Ιιοο
249 904 304 961 eet,
326 913 397 964 patae
407 902 488 948 extra
497 912 553 947 rem
562 899 646 964 {pem
656 904 704 961 ert,
724 897 767 950 oet
773 902 917 964 ineman,
933 907 982 957 iae

92 995 158 1046 que
173 981 208 1029 ier
224 980 337 1027 natura
355 978 384 1024 et
395 973 549 1040 mustene
562 975 605 1024 rei
616 977 699 1042 ipsius
712 979 852 1028 existentis
865 993 982 1045 conpre-

91 1193 317 1273 positiones
345 1197 500 1269 quatuor
526 1197 722 1267 sequentes
751 1208 791 1250 ex
814 1189 981 1251 Cartesio

410 1282 602 1343 desumtae.

91 1395 201 1457 ipos,
211 1392 261 1453 V.
311 1392 370 1452 Dei
384 1392 543 1451 existentia
557 1410 596 1449 ex
608 1390 676 1451 sola
690 1391 756 1450 eius
770 1396 892 1451 naturae
909 1408 980 1450 coo·

310 1484 490 1544 'sideratiooe
507 1485 703 1561 cognoscitur.

91 1601 252 1641 mosara.
289 1583 364 1634 idem
374 1589 414 1633 est
423 1582 507 1634 dicere
517 1582 615 1647 aliquid
624 1583 650 1632 in
660 1584 697 1633 rei
707 1582 818 1634 alienius
826 1588 917 1634 natura
926 1584 979 1634 sire

90 1672 147 1733 ,ptn
159 1660 318 1717 contineri.
338 1659 461 1711 aedicere
476 1658 502 1709 id
517 1659 601 1724 ipsum
616 1658 648 1709 de
663 1672 691 1709 ea
706 1674 732 1710 re
747 1673 804 1711 esse
817 1673 906 1711 rerum
921 1662 980 1725 (per

90 1744 133 1807 t).
173 1738 266 1803 Atqui
282 1735 418 1788 existentia
432 1735 574 1786 necessaria
589 1735 615 1784 in
629 1734 676 1784 Dei
691 1743 818 1801 conceptu
833 1734 980 1786 continetur

90 1834 128 1869 ax.
141 1819 196 1881 6.).
240 1814 312 1877 Ergo
322 1826 411 1863 verum
422 1819 461 1862 est
471 1810 501 1862 de
511 1812 565 1863 lieo
576 1811 674 1871 dicere,
685 1811 857 1862 neeessariam
866 1812 980 1862 existen-

92 1895 119 1944 in
129 1908 162 1943 eo
173 1904 238 1942 esse
249 1890 305 1939 sire
316 1888 403 1953 ipsum
414 1888 529 1938 existere.

90 1970 199 2019 OEOL.
243 1965 283 2015 Ex
302 1963 349 2014 hnc
368 1964 544 2029 propositione
567 1963 648 2013 multa
670 1964 798 2028 praeclara
822 1968 979 2028 sequuntur.

95 2044 127 2096 ab
140 2045 193 2096 hoe
209 2041 287 2101 solo,
308 2040 378 2104 quod
393 2039 425 2089 ad
439 2040 485 2088 liei
500 2047 617 2090 naturam
631 2041 743 2106 pertinet
756 2039 904 2099 existentia,
928 2039 980 2089 siue

89 2120 151 2172 tnei
166 2123 319 2182 conceptus
335 2115 439 2166 involvit
454 2117 624 2166 necessariam
638 2115 814 2173 existentiam,
834 2114 902 2164 sicut
917 2127 981 2164 con-

89 2210 120 2246 ns
128 2193 268 2261 trianguli,
282 2190 353 2256 quod
363 2192 420 2242 eins
431 2199 482 2241 tres
491 2191 578 2256 anguli
588 2195 640 2243 sint
650 2190 770 2256 aequales
781 2188 885 2240 duobus
896 2190 981 2252 rectis,

89 2272 233 2335 *qnodeius
244 2267 381 2319 existentia
391 2281 443 2317 non
453 2281 528 2318 secus
538 2276 615 2333 atque
631 2270 687 2318 eius
702 2264 815 2318 essentia
830 2267 865 2316 sit
878 2272 980 2317 aeterna

89 2344 139 2407 ixx,
155 2344 311 2398 omniafere
320 2343 368 2394 liei
379 2342 562 2394 attributorum
571 2346 698 2410 cognitio,
717 2358 764 2408 per
777 2356 856 2406 quam
871 2343 897 2393 ln
911 2342 982 2393 illins

89 2436 143 2474 rem
151 2426 204 2474 sire
219 2435 355 2473 summam
364 2417 552 2470 beatitudinem
567 2421 702 2482 ducimur,
721 2418 858 2484 dependet.
895 2420 981 2482 Quare

88 2514 182 2566 nopm
193 2495 403 2550 desiderandum
413 2502 496 2557 esset,
515 2503 544 2546 ut
558 2497 701 2547 humanum
716 2510 798 2562 genus
812 2494 915 2546 tandem
931 2496 981 2546 ali-

88 2575 133 2628 nde
145 2576 211 2628 haec
226 2572 367 2624 nobiscum
384 2570 590 2636 amplecteretur.
627 2575 718 2624 Fateor
731 2570 836 2637 quidem
855 2571 981 2636 quaedam

100 2650 278 2718 praeiudicia,
302 2662 369 2713 quae
384 2647 544 2713 impediunt,
564 2663 616 2713 quo
631 2651 719 2700 minus
734 2649 917 2712 unusquisque
930 2646 979 2700 hoc

88 2727 177 2779 tinette
187 2724 360 2790 intelligat‘)
380 2725 478 2774 Verum
488 2725 510 2775 si
521 2725 581 2789 quis
591 2724 660 2776 bono
670 2725 756 2776 animo
766 2732 792 2774 et
800 2723 856 2775 solo
866 2723 981 2776 veritatis

88 2817 229 2868 equesene
239 2802 361 2852 utilitatis
371 2813 458 2851 amore
468 2801 888 2866 impulsusremexamlnnrevelit,
898 2815 979 2866 enque

87 2879 362 2946 imperpenderequne
370 2877 396 2927 in
407 2877 546 2928 Cartesii
556 2877 685 2929 medit.de
695 2878 777 2943 prima
786 2876 889 2943 philil.
898 2892 979 2944 quac·

93 2956 120 3006 ln
129 2955 180 3007 line
188 2954 391 3021 responsionum
399 2951 432 3003 ad
440 2953 536 3018 primns
546 2953 704 3005 abiectiones
714 2953 851 3016 habentur,
863 2962 887 3005 et
899 2954 978 3007 simul

87 3030 139 3081 ede
150 3033 301 3082 aeternitate
317 3036 384 3096 part.
396 3031 432 3079 ll.
447 3035 549 3080 nostrae
562 3029 712 3095 appendicis
726 3044 782 3096 cap.
796 3030 819 3080 l.
836 3031 976 3093 tradimus:

87 3106 161 3158 trucul
171 3106 252 3159 dnbio
263 3120 318 3158 rem
353 3119 432 3171 quam
443 3105 583 3157 clarissime
592 3106 717 3172 intelliget
727 3114 752 3158 et
762 3106 851 3158 nullus
859 3106 978 3160 dubitare

87 3183 141 3243 exit,
159 3196 193 3234 au
203 3182 317 3248 aliquam
327 3182 376 3232 liei
386 3180 469 3231 ideam
479 3180 584 3232 habeat:
604 3182 870 3250 quodanneprlmum
883 3181 978 3235 lunda-

87 3264 154 3309 ntnxn
162 3266 202 3310 est
211 3259 340 3310 humanae
349 3256 527 3308 beatitudinis.
538 3257 603 3308 Nam
612 3258 690 3310 simul
701 3259 768 3311 clare
777 3258 883 3322 videbit,
894 3257 978 3312 ideam

86 3367 205 3383 Q

92 3425 110 3473 ‘i
126 3424 186 3482 texe
196 3424 294 3471 carent
304 3424 473 3482 principiorum
478 3424 534 3476 nhil.
542 3430 604 3477 pert.
615 3425 635 3468 1.
646 3426 712 3471 artie.
724 3426 758 3470 tt.
