2316 3786
106 490 149 553 20
255 489 489 537 rutuctrtotttttu
510 486 744 533 rnlwsurtrlntt
764 487 899 535 GARTES.

107 671 319 735 pronepotem,
340 665 464 730 qrroniarn
477 669 631 730 potestatem
645 660 890 715 heheteoiribendee
899 663 1052 731 volentem,

106 758 137 795 ae
154 741 262 809 proinde
280 740 422 800 officiendi,
449 747 480 791 ut
501 740 568 791 intre
589 739 685 791 limites
706 739 854 791 inteiioetue
876 742 1051 795 continetur.

107 819 498 885 Verumquiainpn'meretete
505 815 590 867 muita
597 814 909 881 hensimuepreeinffieiu
928 818 1054 883 equire

107 911 160 949 non
176 895 249 947 nette
263 894 417 955 liberamur,
436 893 520 960 pergit
534 906 625 958 porro,
644 897 675 943 ut
686 890 719 943 ab
728 892 760 943 iis
772 891 926 955 liberem,
946 902 975 945 et
987 894 1054 953 ιιΙΙΙ

108 975 159 1025 nisi
174 971 245 1038 quofl
258 971 326 1023 cirre
341 978 367 1022 et
380 970 502 1023 distinete
519 968 677 1034 percipimus
693 967 894 1034 amplectemur,
917 970 1055 1037 turpiter·

107 1063 200 1101 omnes
218 1049 338 1099 notiones
355 1054 382 1099 et
398 1044 483 1108 ideas,
502 1044 642 1109 exquibus
654 1058 746 1095 omnes
759 1053 863 1097 nesure
879 1048 1053 1111 eogitationo

108 1130 315 1191 componuntur,
343 1136 507 1184 enumerare,
542 1135 638 1187 eosque
659 1121 810 1186 singulatim
836 1123 995 1185 examinare,
1021 1130 1055 1177 ert

109 1199 235 1267 quioquid
244 1199 272 1248 in
281 1213 438 1264 unaqueque
451 1199 565 1260 elerum,
584 1197 649 1263 quid
662 1197 803 1249 obscurum
816 1205 869 1259 est,
889 1199 1055 1253 animam·

108 1285 163 1330 tere
171 1276 264 1345 possit.
301 1276 345 1327 Sie
354 1276 423 1327 enim
433 1274 507 1327 troile
520 1274 618 1325 eixrum
631 1273 664 1325 eb
677 1273 790 1325 obscuro
803 1273 963 1340 distinguere
976 1282 1056 1343 pete-

109 1355 157 1415 rit,
177 1352 310 1417 clarasque
320 1366 350 1403 re
358 1350 493 1403 distinctas
501 1350 672 1415 cogitationes
679 1351 828 1412 efformare:
848 1350 967 1417 adeoque
976 1352 1055 1405 Μὴ

109 1429 205 1481 realem
215 1428 407 1480 distinctionem
416 1428 484 1478 inter
492 1428 605 1478 enimam
614 1434 641 1477 et
654 1441 750 1494 eorpus
760 1428 888 1489 inrenire3
907 1436 935 1481 et
947 1428 1015 1495 quta
1025 1430 1054 1481 h

110 1507 157 1567 iis,
177 1519 244 1570 quae
262 1520 277 1556 a
294 1503 416 1555 sensibus
433 1502 570 1555 brunnum
586 1503 699 1566 elerum,
719 1504 782 1569 quid
804 1503 947 1555 obsenrum
959 1506 1009 1567 site
1027 1510 1058 1559 et

109 1581 258 1646 deniquein
274 1595 327 1645 quo
341 1580 472 1631 somnium
487 1580 609 1644 erigiiiis
622 1580 732 1631 differat.
767 1581 827 1642 Quo
841 1580 908 1632 sueto
921 1594 1010 1648 neque
1022 1580 1056 1635 tle

110 1655 405 1722 suisrigiiiisdnbitare‚
422 1655 958 1722 nequeasensibusiriiiemptiuspotuit3
978 1658 1057 1711 aeeie

109 1748 138 1785 se
147 1733 180 1784 ab
190 1732 313 1784 omnibus
320 1731 529 1785 dubitationibus
538 1746 617 1798 supre
626 1735 761 1793 recensitis
770 1732 895 1784 liberarit.

161 1811 258 1861 Verum
268 1816 407 1873 antequam
418 1808 459 1860 hie
469 1808 547 1860 tinem
559 1809 659 1871 sociam,
679 1810 711 1860 iis
720 1808 932 1861 satisfaciendum
941 1810 1054 1873 ridetur.

112 1887 158 1951 qui
171 1886 208 1937 sie
221 1891 447 1951 argumentantur:
469 1884 583 1946 „Quum
593 1887 677 1937 Deum
693 1888 799 1937 existere
812 1886 888 1937 nobis
900 1900 948 1952 per
959 1900 989 1937 se
1002 1900 1056 1939 non

112 1964 273 2023 innoteseat,
292 1961 325 2013 de
342 1961 414 2013 nulle
431 1976 458 2012 re
476 1961 593 2013 ridemur
608 1978 686 2028 posse
703 1978 819 2027 unquam
838 1976 895 2013 esse
908 1964 989 2025 certi,
1007 1976 1057 2017 net

111 2040 197 2090 Deum
207 2039 313 2090 existere
323 2052 438 2103 unquam
449 2036 525 2088 nobis
534 2039 694 2090 innotescere
704 2040 807 2105 poterit.
835 2040 900 2089 Nem
911 2054 940 2090 er
950 2040 1058 2093 intortis

111 2115 261 2181 praemissis
275 2116 374 2180 (omnio
384 2116 451 2165 enim
463 2116 559 2164 incerto
574 2129 630 2166 esse
644 2116 768 2176 diximus,
787 2129 866 2179 quam
880 2113 926 2166 diu
939 2122 1057 2168 nostram

113 2192 238 2256 originem
248 2191 409 2255 ignoramus)
420 2190 483 2241 nihii
493 2192 555 2241 certi
565 2190 684 2242 concludi
694 2196 812 2257 potest.“

165 2269 241 2319 lione
250 2267 427 2319 difficultatem
437 2275 466 2318 ut
479 2274 596 2319 amoveat
605 2267 777 2333 Cartesius‘)‚
797 2266 937 2333 respondet
944 2266 995 2319 hoe
1007 2282 1057 2335 pe-

113 2351 168 2395 cto:
190 2344 253 2404 „Er
266 2357 312 2404 eo,
331 2343 403 2408 quod
417 2343 534 2395 nondum
547 2346 676 2406 sciamus,
696 2358 728 2394 ιιι
748 2344 813 2395 torte
830 2344 939 2409 originis
952 2352 1057 2397 nestrae

114 2427 205 2470 auctor
212 2433 260 2469 nos
270 2418 335 2470 tiles
348 2420 483 2480 erearerit,
504 2427 534 2472 ut
546 2421 680 2481 fallamur,
700 2421 777 2471 etinm
791 2421 818 2471 in
832 2420 879 2482 iis,
898 2436 967 2485 quae
981 2421 1058 2475 nobie

113 2494 155 2545 rel
172 2495 363 2546 evidentissima
380 2503 520 2561 apparent,
544 2495 663 2547 dubitare
680 2510 845 2561 nequaquem
863 2510 1008 2562 possumne
1025 2498 1058 2550 tie

113 2572 163 2632 iis,
182 2570 549 2637 quneoiareetdistinoteper
563 2586 593 2622 se
608 2572 648 2621 rel
662 2586 709 2637 per
721 2573 958 2635 ratiocinationem,
977 2588 1056 2639 quem

115 2647 161 2699 diu
170 2661 264 2712 nempe
272 2646 305 2699 ed
314 2645 385 2697 illam
397 2646 570 2709 attendimus,
590 2648 773 2714 intelligimus;
792 2649 839 2699 sed
853 2656 954 2700 tantum
967 2648 1000 2703 de
1013 2652 1056 2713 iit.

114 2722 298 2789 quarantenae
306 2722 540 2775 demonstrauimus
550 2737 688 2785 remesse,
708 2740 820 2789 quorum
834 2727 960 2776 memoria
971 2732 1058 2792 potest

114 2813 260 2859 recurrere,
279 2800 892 2865 quumnonempliusrttendimusedrntiones,
918 2802 1057 2868 exquibus

114 2892 145 2927 ea
167 2874 335 2935 deduximus,
365 2890 528 2941 quarumque
556 2876 620 2929 adeo
648 2892 741 2928 sumus
763 2877 848 2928 obiiti.
893 2877 1058 2946 Quepropter

114 2951 234 3017 quemvis
250 2952 348 3002 neum
367 2953 505 3003 existere
522 2966 682 3018 nonperse‚
701 2954 748 3005 sed
758 2960 916 3019 tantumper
931 2955 1003 3006 eiiud
1017 2957 1058 3007 in-

115 3035 248 3080 notescere
257 3027 354 3093 possit,
376 3030 518 3094 poterimus
528 3037 613 3081 tumen
627 3031 660 3081 ed
674 3039 769 3081 eertem
784 3032 831 3080 Dei
847 3031 997 3083 existentiee
1014 3046 1059 3083 eo·

114 3105 257 3171 gnitionem
267 3104 413 3170 peruenire,
431 3105 573 3157 dummodo
583 3107 614 3157 ed
625 3120 715 3158 omnes
724 3121 754 3157 er
763 3107 860 3171 quibus
869 3106 940 3159 iiiam
950 3110 1058 3161 contiu-

114 3182 202 3233 dimus
211 3181 567 3247 preemissesaeenmtissime
576 3183 773 3234 attendemus.“

167 3366 186 3414 ‘t
201 3364 257 3409 i'ide
275 3363 386 3409 Certen.
406 3366 504 3421 princip.
516 3366 600 3422 philosv
612 3374 672 3421 part.
684 3365 702 3409 1.
714 3367 779 3409 artie.
792 3371 823 3410 13.
852 3368 993 3423 Eiusdem
1008 3382 1059 3415 rne-

116 3423 182 3469 utut
194 3423 223 3469 de
234 3424 310 3480 primi
320 3424 406 3481 philos.
418 3427 442 3471 ι’.
454 3425 513 3484 tine,
532 3432 555 3470 et
565 3438 670 3482 respons.
682 3426 710 3471 nd
720 3428 817 3471 secund.
829 3427 915 3474 obiret.
927 3442 992 3475 num.
1002 3430 1024 3474 t.
