2316 3786
68 35 1148 292 m

440 100 455 113 .'
468 100 479 115 ὓ
517 114 525 125 ΙΙ

154 513 196 572 22
303 513 538 562 Palaemonem
559 511 794 559 effluosoentaa
813 511 947 558 canum.

155 694 200 761 qui
220 693 269 746 sibi
288 691 391 745 nullum
409 690 489 744 alium
506 688 625 758 praefigit
637 688 729 752 tinem,
749 703 829 756 quam
847 687 980 752 dubitare,
1004 687 1053 743 sed
1068 693 1100 743 ut
1129 688 1148 737 ti

154 772 293 822 animum
315 767 352 821 ab
376 766 526 820 omnibus
548 766 761 835 praeiudiciis
781 764 953 829 liberaret,
972 780 1025 832 quo
1040 772 1101 821 tan-
1131 770 1147 813 a

155 847 214 900 dem
233 846 326 897 firma
340 851 436 910 atque
448 845 642 897 inconcussa
656 843 868 896 scientiarum
883 842 1099 909 fundamenta.
1129 844 1146 891 a

155 938 222 992 qnae
231 923 280 975 hoc
289 920 367 973 modo
377 921 464 986 ipsum
474 920 497 971 si
506 934 572 986 quae
581 926 668 972 essem
677 918 789 986 edupue
802 933 856 970 non
869 926 991 987 possent,
1009 920 1103 975 inra-
1129 926 1148 971 tt

156 1002 250 1053 niret.
285 1000 353 1051 vera
362 999 432 1049 enim
441 998 608 1049 scientiarum
617 996 745 1063 principia
759 994 823 1048 adeo
837 995 904 1048 clara
918 1010 948 1048 ac
961 1003 1032 1049 certa
1044 1008 1104 1051 em
1130 1004 1148 1049 a

156 1077 265 1138 debent,
284 1081 314 1127 ut
322 1073 394 1125 nulla
403 1073 535 1139 indigeant
543 1072 711 1140 probatione,
730 1079 797 1124 extra
811 1085 917 1124 omnem
929 1072 1104 1145 dntanuonp
1132 1080 1148 1121 a

156 1155 238 1205 aleam
248 1153 301 1204 siut
310 1151 408 1217 posita,
427 1156 454 1202 et
467 1151 524 1202 sine
537 1148 603 1217 ipsis
617 1148 682 1200 nibil
697 1148 867 1201 demonstrari
882 1150 976 1216 possit.
1012 1147 1103 1217 Atqu
1130 1158 1148 1202 1

156 1231 219 1281 baec
236 1234 296 1295 post
312 1226 416 1292 longam
434 1225 622 1279 dubitationem
641 1227 745 1293 reperit.
781 1227 925 1292 Postquam
937 1232 1025 1278 autem
1039 1224 1104 1279 baec
1132 1234 1146 1277 a

156 1305 284 1372 principia
293 1304 448 1366 invenisset,
468 1318 521 1355 non
530 1302 582 1369 lpsl
596 1300 699 1354 dliflclle
713 1300 776 1365 luit,
795 1316 884 1355 verum
899 1317 914 1354 a
927 1298 993 1354 laiso
1006 1301 1105 1370 ὤμο-
1132 1299 1148 1355 a

158 1396 228 1433 scere
246 1394 276 1431 ao
294 1393 420 1431 causam
438 1381 559 1432 erroris
576 1378 739 1445 detegere;
758 1386 836 1445 atque
854 1378 918 1430 adeo
933 1377 984 1430 sibl
1002 1392 1103 1443 avam,
1138 1440 1141 1444 ⁴

157 1473 190 1509 ne
200 1454 299 1523 aliquid
308 1455 402 1507 lalsum
411 1463 437 1507 et
446 1454 555 1508 dubium
564 1470 611 1523 pro
619 1470 678 1507 vero
688 1469 717 1507 ac
727 1461 796 1507 certo
805 1461 958 1507 assumeret.
1139 1458 1148 1493 Ι

210 1535 340 1583 Utautem
359 1539 511 1598 quartum
528 1537 559 1584 et
576 1531 726 1585 ultimum
743 1530 794 1584 eibi
804 1535 973 1598 compararet,
992 1528 1105 1597 hoceat,
1135 1548 1148 1587 a

159 1609 264 1661 omnia
291 1608 374 1660 clare
401 1614 432 1659 et
456 1606 615 1660 distinete
640 1606 860 1674 intelligeret,
890 1605 1030 1674 praecipua
1047 1607 1106 1662 eiua
1135 1624 1148 1665 t

160 1685 246 1752 regula
266 1684 328 1747 luit,
348 1699 439 1736 omnes
456 1684 589 1750 simplices
606 1684 693 1747 ideas,
717 1683 860 1750 exquibus
877 1682 993 1749 reliquae
1011 1698 1107 1739 omncs
1137 1704 1148 1739 o

159 1769 360 1828 componuntnr,
380 1773 530 1812 enumerare
540 1775 569 1812 ac
579 1758 721 1827 quamlibet
730 1758 862 1826 sigillatim
871 1759 1025 1812 examinare.
1053 1760 1115 1815 Ubi·
1136 1786 1148 1819 :r

159 1839 229 1890 enirn
239 1837 370 1904 simplices
380 1836 451 1889 ideas
460 1837 527 1888 clare
537 1845 562 1888 et
571 1837 692 1889 distincte
701 1838 833 1904 percipere
842 1843 940 1902 posset,
956 1836 1015 1888 sine
1024 1836 1106 1891 dublo
1140 1858 1148 1893 ι

160 1916 237 1967 etlam
247 1927 338 1966 omnes
347 1913 460 1980 reliquas
468 1928 498 1965 er
507 1912 672 1980 simplicibus
679 1912 733 1965 illis
746 1913 870 1965 conflatas
883 1910 973 1964 eadem
988 1912 1107 1969 clanuta
1138 1938 1148 1972 r

160 1997 186 2043 et
194 1991 361 2043 distinctione
370 1989 534 2056 intelligeret.
572 1990 621 2041 llis
629 1991 664 2041 ita
679 1989 828 2056 praelibatis
837 1988 949 2041 breviter
963 1982 1114 2071 explicabiss
1139 2010 1148 2045 a

159 2082 233 2130 anns,
261 2065 393 2134 quomodo
425 2067 528 2118 omnia
559 2066 591 2118 ln
624 2066 756 2119 dubium
784 2065 997 2129 revocaverit,
1035 2080 1111 2137 rara
1139 2088 1147 2119 ι

160 2144 372 2197 scientiarum
392 2144 554 2211 principia
573 2144 747 2208 invenerit,
772 2156 801 2195 ac
820 2156 853 2195 se
871 2157 905 2198 ex
922 2138 1108 2197 dubitatio·
1139 2166 1148 2201 a

161 2236 233 2273 num
251 2219 512 2273 difficultatibus
530 2221 747 2273 extricaverit.

433 2359 454 2406 l.
491 2358 633 2408 Dubitatio
652 2357 685 2407 de
703 2355 832 2406 emutare.
1145 2320 1148 2353 Ι

214 2449 301 2499 Primo
314 2450 401 2514 itaque
416 2448 468 2500 sibl
482 2447 515 2500 ob
531 2449 620 2501 oculos
633 2450 708 2515 ponit
722 2448 809 2500 omnia
822 2447 868 2498 illa
882 2460 948 2513 quae
962 2444 1109 2501 asensibaat
1142 2472 1148 2509 ι

162 2532 307 2590 acceperat,
326 2539 420 2591 nempe
429 2525 545 2587 coelum,
565 2531 659 2576 terram
674 2532 700 2576 et
713 2526 823 2589 similia,
842 2530 920 2590 atque
934 2524 1015 2576 etiam
1028 2536 1107 2578 suunt
1146 2564 1148 2589 2

163 2614 271 2666 corpus:
292 2614 358 2666 quae
367 2602 454 2652 omnla
463 2615 493 2651 eo
503 2614 587 2665 usque
597 2602 624 2651 in
634 2614 719 2652 rerum
728 2606 820 2653 natura
829 2614 887 2653 esse
896 2607 1040 2666 putaverat.
1067 2599 1109 2653 Aa
1141 2628 1148 2668 2

163 2677 194 2729 de
204 2677 297 2729 borum
307 2676 461 2728 certitudine
470 2676 584 2737 dubitat,
604 2678 665 2741 quia
679 2689 772 2729 sensns
785 2679 873 2743 ipsum
888 2674 1018 2729 interdum
1033 2672 1108 2729 ieiel·
1142 2710 1148 2746 1

162 2753 225 2805 iisse
243 2752 459 2818 deprehenderat,
479 2754 550 2804 etin
568 2753 668 2803 somnis
681 2752 731 2804 slbi
750 2768 827 2822 saepe
845 2760 1010 2819 persuaserat
1026 2751 1108 2805 multa
1144 2792 1148 2827 ξ

164 2836 231 2881 extra
241 2844 270 2880 se
279 2843 337 2880 rere
348 2828 468 2891 existere,
488 2829 514 2879 ln
524 2828 621 2895 quibus
630 2837 720 2894 postea
729 2844 757 2882 se
767 2831 887 2883 ddusum
900 2844 957 2881 esse
972 2843 1108 2898 compete.-
1141 2857 1148 2903 q

164 2912 217 2966 rat;
237 2920 266 2956 ac
275 2904 387 2970 denique
398 2905 458 2970 quin
468 2905 533 2956 alios
542 2906 619 2956 etiam
630 2906 764 2972 vigilantes
773 2920 887 2959 asserere
896 2904 1022 2970 audierat,
1042 2904 1107 2959 sein

164 2981 302 3042 membris,
331 2980 428 3046 quibus
446 2981 545 3033 dudum
564 2989 711 3045 caruerant,
741 2982 856 3036 dolorem
878 2983 985 3035 sentire.
1022 2983 1108 3046 Quare
1144 3020 1148 3045 ,

165 3072 218 3110 non
232 3059 288 3107 sine
302 3059 400 3109 ratione
415 3058 492 3109 etiarn
506 3057 538 3109 de
552 3060 592 3109 sni
607 3061 722 3126 corporis
736 3060 870 3112 existentia
884 3058 1002 3111 dubitare
1011 3059 1107 3127 potuit.
1145 3094 1148 3125 ,

164 3135 252 3200 Atque
269 3131 357 3185 erbis
376 3132 498 3185 omnibus
515 3148 573 3186 rere
590 3135 742 3188 concludere
757 3137 856 3204 potuit,
876 3150 971 3188 sensus
983 3149 1037 3187 non
1051 3140 1118 3207 eset²
1146 3174 1148 3183 .

165 3211 344 3263 firmissimum
355 3209 566 3274 fundamentum,
587 3213 628 3263 cni
639 3214 724 3264 omnis
737 3213 844 3266 seientia
859 3208 1064 3279 superstruenda
1075 3208 1111 3264 att

164 3291 289 3354 (possunt
307 3289 375 3339 enirn
395 3289 421 3338 in
441 3287 550 3339 dubium
569 3290 707 3354 revocari);
736 3290 783 3342 sed
800 3290 982 3342 certitudinem
1000 3287 1033 3343 ab
1051 3286 1110 3342 dits

166 3364 301 3432 principiis
311 3362 387 3416 nobis
397 3365 550 3416 certioribus
564 3365 718 3431 dependere.
755 3366 790 3417 Ut
804 3372 890 3418 autem
904 3381 980 3433 porro
994 3366 1056 3419 talia
1067 3366 1119 3421 iu·.

165 3441 285 3505 vestiget,
305 3442 421 3493 secundo
431 3440 481 3493 sibi
496 3440 529 3492 ob
544 3441 634 3493 oculos
646 3445 720 3507 ponlt
735 3445 822 3494 omnia
837 3443 1004 3507 universalia,
1025 3440 1112 3510 qualia
