2316 3786
121 596 169 639 ΧΠ
498 581 689 629 saumario.

123 761 199 815 Alter
207 768 247 813 est
256 761 365 813 Carolus
374 759 522 811 ludovicus
532 760 630 810 elector
638 758 787 823 Palatinus,
808 756 988 823 quisieodem
998 773 1070 811 anno

124 860 228 898 summa
240 845 308 896 lama
322 851 409 895 motus
421 858 468 910 per
480 844 626 896 Fabricium
639 843 788 910 theologum
802 857 900 894 munus
913 842 1071 912 prnlessoris

125 970 144 993 „
154 945 211 983 oum
223 930 382 996 amplissima
392 927 591 996 philosophandi
599 928 743 980 libertata“
758 929 785 979 in
799 928 964 980 universitate
977 928 1072 982 litera—

123 1030 182 1068 rum
192 1015 403 1081 Heidelbergensi
413 1011 520 1074 obtulit,
541 1013 611 1080 quod
621 1014 732 1079 Spinoza
745 1013 852 1065 diversis
866 1027 896 1063 ax
909 1013 994 1064 causis
1007 1028 1072 1066 mo-

124 1101 196 1153 deste
211 1101 303 1152 renuit.
342 1098 416 1150 Conl.
432 1099 507 1165 epist.
527 1102 568 1150 53.
581 1103 622 1150 ii.
658 1099 761 1150 Tertius
775 1099 888 1163 denique
903 1097 1072 1163 Godqfredue

127 1186 283 1237 Gnilielmus
293 1185 449 1244 Leilnittns,
462 1186 507 1249 qui
517 1184 549 1234 ds
557 1197 585 1234 re
594 1183 679 1248 optlca
688 1184 729 1246 ³⁰)
739 1197 786 1249 per
794 1182 882 1233 literas
891 1197 951 1233 cnm
960 1198 992 1236 eo
1002 1198 1071 1236 con·

125 1271 194 1322 tulit·
230 1267 290 1318 vti.
303 1269 379 1334 epist.
392 1271 434 1321 ol.
446 1271 488 1320 tt.
500 1277 525 1321 et
534 1262 647 1319 Le'lbnit.
658 1269 741 1318 otium
751 1268 869 1319 Hannon.
881 1283 907 1334 p.
918 1269 980 1322 221.

177 1355 289 1405 Omnino
300 1354 409 1418 Spinoza
420 1352 536 1405 moribus
551 1354 606 1405 suis
616 1353 761 1404 Stoicorum
775 1352 824 1402 tuit
837 1352 906 1403 haud
920 1352 1069 1407 dissimilis.

123 1440 192 1491 Eum
202 1438 363 1490 uberrimum
374 1453 430 1490 esse
441 1439 476 1489 ait
489 1439 629 1504 sapientiae
643 1437 770 1499 fructum,
790 1439 874 1488 omnis
888 1438 989 1502 generis
1003 1439 1072 1492 aiio·

124 1525 224 1575 ctiones
234 1530 259 1574 et
268 1523 370 1574 dolores
379 1524 489 1574 vincere.
514 1526 574 1588 lpse
583 1523 682 1588 ubique
691 1523 811 1574 homines
819 1528 915 1574 attente
925 1521 1071 1577 observavit

125 1623 215 1660 eorum
225 1623 318 1660 sensus
328 1616 353 1658 et
367 1609 468 1659 animos
477 1615 693 1675 perscrutaturus.
731 1608 863 1671 Pigritiam
877 1615 902 1658 et
915 1608 1068 1673 superbiam

124 1695 273 1759 gravissima
282 1693 371 1743 hibuit
386 1700 410 1744 et
424 1697 534 1744 maxims
548 1693 659 1758 uulgaria
674 1691 808 1743 homiuum
822 1695 895 1752 vitia,
916 1692 1070 1760 fontemque

125 1780 241 1830 omnium
260 1791 385 1829 errorum.
430 1778 607 1844 cognitionem
626 1792 684 1827 lero
701 1777 748 1828 ilci
766 1791 895 1828 summam
915 1779 1068 1832 existimarit

124 1865 254 1916 uirtutem.
294 1865 379 1924 „Nam
391 1877 443 1928 quo
453 1864 547 1914 melius
557 1878 617 1913 eum
631 1863 826 1927 cognoscimus,
846 1877 876 1914 eo
891 1865 972 1928 magis
987 1865 1068 1917 animi

124 1948 304 2001 affectionibus
322 1949 468 2013 superiores
488 1962 593 2009 sumus,
613 1955 639 1999 et
653 1949 679 1998 in
692 1947 740 1998 hac
753 1948 810 2013 ipsa
824 1949 969 2012 cognitione
987 1951 1068 2001 animi

125 2036 239 2100 quietem
254 2041 380 2085 eteorum
394 2034 441 2084 Dei
456 2047 569 2083 amorem
584 2034 727 2099 reporimus
742 2033 760 2081 i.
778 2048 801 2084 o.
817 2041 931 2084 nostram
943 2033 1066 2095 salutem,

125 2134 255 2171 summam
273 2118 461 2169 beatitudinem
481 2125 506 2168 et
523 2117 700 2168 libertatem.“
746 2116 820 2168 conl.
845 2118 921 2170 ethio.
941 2127 1007 2184 part.
1027 2122 1064 2170 ΙΙ.

124 2221 200 2272 prop·
212 2209 254 2257 49.
266 2204 347 2256 schol.
360 2212 422 2254 extr.
434 2211 496 2268 etp.
506 2203 538 2252 V.
549 2217 623 2269 prop.
635 2205 678 2254 36.
689 2204 771 2255 schol.

177 2288 447 2350 staturaiuitmedia‚
467 2288 662 2350 lacieiucunda‚
682 2288 879 2354 oculistogetis‚
899 2287 1015 2340 crinibus
1023 2289 1066 2339 ni-

123 2377 191 2441 grim
212 2376 296 2425 colore
310 2375 377 2425 cutis
389 2373 525 2439 paululum
539 2374 625 2434 lusco,
646 2381 675 2424 ut
688 2373 791 2425 ludaeis
804 2376 937 2425 Lusitanis
950 2374 1068 2426 solemne

125 2466 174 2510 est.
210 2461 313 2509 Vestitu
323 2474 373 2509 non
385 2459 434 2509 fuit
443 2458 603 2524 splendidus,
623 2459 669 2508 sed
679 2458 782 2524 elegans
792 2465 817 2508 et
827 2459 933 2519 nitidus,
949 2474 1068 2527 praeser-

125 2546 172 2594 tim
191 2559 273 2609 quum
291 2544 429 2607 exiret.³¹)
466 2542 565 2593 Studiis
579 2544 634 2603 suis
652 2543 717 2594 fiius
734 2558 929 2608 nonnumquam
948 2559 995 2611 per
1007 2545 1069 2611 plu-

124 2644 166 2680 res
175 2629 230 2680 dies
240 2628 303 2679 vidit
313 2629 457 2687 neminem,
477 2627 529 2676 imo
545 2641 590 2692 per
604 2629 718 2694 integros
731 2629 829 2695 aliquot
842 2644 945 2681 menses
959 2630 1068 2681 domurn

125 2729 177 2764 non
196 2714 360 2779 reliquit.³²)
397 2713 472 2762 Viros
490 2727 548 2762 tero
568 2712 657 2763 doctos
675 2729 758 2779 usque
776 2713 894 2776 admisit,
924 2723 949 2765 et
967 2715 1068 2781 aliquid

126 2800 248 2865 temporis
267 2798 395 2848 concessit
414 2796 562 2862 discipulis,
583 2811 649 2863 quos
663 2800 741 2862 gratis
755 2799 872 2851 docebat.
908 2798 1068 2865 Plerumque

124 2891 203 2934 noctu
214 2882 411 2948 diligentissime
421 2882 502 2952 literis
512 2897 616 2948 operam
630 2882 702 2934 dedit
715 2892 738 2934 et
748 2886 835 2950 flagae
849 2884 960 2950 plurima
972 2885 1068 2951 scripta

104 2972 109 2989 ¹
125 2967 158 3018 ab
167 2968 228 3018 liora
238 2968 337 3019 decimu
348 2968 490 3033 vespertina
501 2982 583 3032 usque
597 2967 630 3019 sd
644 2971 745 3019 tertiam
758 2969 925 3020 elucubratus
940 2978 988 3021 est.
1024 2970 1068 3021 Ab

176 3162 211 3214 to)
231 3161 337 3217 Opticam
349 3160 410 3204 haud
421 3160 492 3204 dubie
502 3163 595 3218 egregie
605 3161 757 3217 excoluisset,
778 3163 821 3207 nisi
832 3168 907 3208 morte
916 3171 1068 3220 prsemutura

124 3219 238 3275 abreptus
248 3219 338 3265 luisset
366 3219 432 3265 (loni.
444 3221 518 3275 prael.
529 3222 558 3264 ad
568 3233 622 3277 opp.
633 3221 710 3277 posti.
722 3233 743 3278 p.
754 3223 774 3262 ι

175 3280 210 3331 tt)
228 3278 278 3322 vti.
289 3277 401 3333 Refutot.
413 3282 555 3322 deterream
565 3293 587 3335 p.
598 3283 630 3321 lo.
658 3281 732 3325 Paulo
743 3280 811 3325 aliter
822 3280 895 3323 ester.
905 3292 928 3337 p.
938 3282 985 3322 ⁶2⁰.

175 3339 212 3390 ⁸2)
231 3337 298 3388 ..Sibi
309 3338 352 3384 soli
363 3340 439 3383 vivere
449 3339 585 3391 videbatur.
605 3351 699 3394 semper
707 3339 828 3386 solitarius
837 3346 862 3385 et
871 3341 939 3396 quasi
949 3341 973 3385 in
984 3353 1068 3385 museo

124 3409 168 3443 suo
182 3398 313 3453 sepultus.”
342 3397 427 3440 Christ.
441 3397 493 3440 Nic.
509 3401 536 3441 ete
549 3396 743 3455 Greiffencranta
757 3398 886 3452 (Cimbrice
900 3401 968 3445 ducis
982 3402 1066 3444 consil.

124 3455 164 3512 qui
173 3454 255 3512 ilagae
264 3468 325 3502 anno
335 3459 392 3500 sort
403 3469 457 3502 curn
468 3458 567 3512 spinum
576 3463 682 3503 versutus
692 3462 737 3508 est)
746 3459 770 3502 in
779 3456 855 3504 literis
864 3458 893 3503 ad
904 3459 989 3504 christ.
996 3459 1067 3504 liort-

117 3514 213 3558 uoltum
221 3518 367 3574 menselpr.
379 3529 400 3562 a.
412 3518 471 3560 ilat.
482 3516 576 3561 llolmin
587 3517 715 3561 sueconrm
725 3517 811 3562 missis.
