2316 3786
107 504 149 564 38
258 444 491 551 l’RlNoCIPWRde
512 502 745 551 Pauosoeuitss
763 503 897 550 cures.

107 682 240 748 Deilonge
249 695 264 732 a
272 687 432 734 caeterarum
440 693 528 734 rerum
540 678 606 732 ideis
619 678 736 732 differre:
754 677 909 746 unt-nempe
922 678 1052 747 inteutqet

107 761 208 820 Deum,
228 756 313 824 quoad
324 758 463 810 essentiam
473 763 499 808 et
506 756 682 819 existentiam,
700 757 831 808 aeaeteris
841 754 921 808 rebus
933 761 989 808 toto
1003 768 1053 822 qe·

108 848 169 885 nere
183 833 337 901 discrepare.
374 833 461 896 Quare
474 833 542 885 eirea
553 831 616 884 haee
631 832 753 884 lectorem
767 831 866 884 diutius
878 831 921 884 hie
935 831 1051 884 detinere

108 924 160 961 non
170 915 209 961 est
219 923 295 976 opus.

107 1044 357 1107 PROPOS.V1.
402 1045 461 1105 Dei
480 1046 636 1106 existentia
656 1064 693 1104 ex
716 1065 753 1104 eo
776 1043 857 1118 solo,
880 1045 962 1124 quod
985 1046 1052 1104 eius

202 1140 271 1200 idea
287 1140 327 1199 stt
345 1139 373 1198 in
392 1140 493 1212 nobis,
516 1160 535 1199 a
557 1139 711 1218 posteriori
730 1139 956 1199 demonstratur.

158 1257 328 1307 Danausra.
364 1256 477 1308 Realitas
487 1254 611 1306 obieelira
624 1254 763 1306 cuiuslibet
776 1269 806 1306 er
819 1255 915 1306 nostris
929 1254 995 1306 ideis
1009 1267 1053 1306 re-

54 1325 57 1332 '
109 1332 190 1397 quirit
198 1345 317 1393 eausam,
336 1332 362 1381 in
377 1345 429 1396 qua
444 1330 534 1382 eadem
547 1333 603 1398 ipsa
617 1331 718 1382 realitas
732 1345 784 1382 non
798 1337 898 1382 mutum
913 1330 1051 1395 obieetive‚

108 1408 155 1459 sed
164 1407 305 1458 formaliter
318 1408 357 1458 vel
371 1408 514 1458 eminenter
527 1407 690 1457 contineatur
702 1408 761 1472 (per
773 1422 813 1458 ar.
828 1407 879 1472 8.).
915 1405 1054 1458 Hibernae

109 1490 196 1536 autem
209 1482 293 1534 ideam
308 1483 356 1534 Dei
376 1485 433 1549 (per
442 1482 493 1533 def.
503 1485 530 1535 2.
541 1490 568 1532 et
577 1482 632 1547 8.),
650 1482 782 1548 huiusque
801 1482 872 1534 ideae
886 1483 989 1534 realitas
1003 1479 1054 1534 ob-

108 1560 199 1611 ieetira
209 1572 256 1609 neo
271 1559 411 1611 formaliter
424 1573 472 1610 nee
485 1559 628 1609 eminenter
643 1559 670 1608 in
684 1557 760 1610 uobis
774 1559 921 1610 continetur
940 1560 998 1624 (per
1012 1571 1052 1609 ar.

109 1637 164 1701 4.),
184 1649 232 1686 neo
249 1636 276 1686 in
291 1635 344 1686 ullo
359 1635 423 1697 alio,
442 1640 622 1700 praeterquam
638 1634 664 1684 in
683 1635 739 1699 ipso
754 1636 808 1686 Deo
825 1641 912 1700 potest
926 1633 1055 1686 contineri

111 1713 170 1778 (per
179 1710 231 1763 def.
241 1711 292 1775 8.).
329 1712 396 1777 Ergo
415 1710 478 1762 haee
495 1709 552 1761 idea
565 1710 627 1771 Dei,
647 1725 713 1774 quae
732 1711 759 1761 in
778 1711 854 1762 nohis
872 1717 924 1772 est,
945 1709 1055 1775 requirit

111 1788 197 1841 Deum
206 1801 252 1853 pro
264 1800 355 1847 eausa,
376 1788 499 1851 Deosque
508 1785 616 1851 proinde
626 1787 710 1837 existit
719 1788 777 1852 (per
787 1803 826 1837 aa.
837 1787 887 1853 7.).

164 1872 286 1923 SCHOL.
324 1870 435 1933 Quidam
450 1876 513 1921 sunt
526 1871 570 1934 qui
587 1877 694 1936 negent,
715 1885 742 1922 se
756 1872 834 1922 ullam
845 1873 893 1922 Dei
908 1871 993 1922 ideam
1008 1870 1057 1922 ha·

110 1948 187 2010 bere,
207 1954 395 2012 quemtameu,
414 1948 599 2012 utipsiaiunt,
619 1947 742 1998 ooluntot
756 1955 852 1999 amant.
888 1948 922 1997 El
936 1945 1056 2011 quamvis

111 2025 176 2091 ipsis
185 2025 233 2075 Dei
243 2024 419 2075 definitionem
429 2025 528 2088 Deique
538 2021 659 2073 attributa
670 2022 703 2073 ob
714 2024 804 2075 oeulos
818 2037 914 2089 ponas,
933 2022 1000 2073 nihil
1014 2027 1056 2072 ta·

112 2115 171 2152 meu
181 2099 313 2166 proficies;
334 2114 386 2151 non
396 2100 481 2151 hercle
490 2099 586 2163 magis,
607 2113 684 2162 quam
693 2100 716 2149 si
725 2100 808 2151 virum
822 2114 836 2151 a
850 2101 980 2151 nativitate
996 2111 1057 2150 eae-

111 2191 172 2227 cum
182 2177 297 2228 colorum
308 2175 479 2239 differentias,
498 2181 576 2242 prout
588 2176 658 2240 ipsos
672 2174 803 2237 ridemus,
822 2176 914 2227 docere
929 2175 1055 2226 moliaris.

110 2253 208 2305 Verum
218 2255 268 2304 nisi
278 2268 323 2306 eos
333 2260 456 2317 tanquam
465 2267 512 2317 pro
523 2267 588 2303 noro
599 2252 750 2302 animalium
760 2266 867 2317 genere,
887 2251 973 2303 medio
984 2250 1057 2302 soili-

112 2329 227 2380 eetinter
236 2329 355 2382 homiues
369 2336 395 2380 et
407 2328 499 2390 bruta,
519 2327 612 2379 habere
627 2327 750 2388 velimus,
770 2342 860 2379 eorum
872 2327 949 2379 rerba
963 2340 1056 2393 parum

112 2418 201 2456 curare
211 2404 346 2455 debemus.
383 2404 519 2467 Quomodo
530 2417 625 2469 quaeso
641 2404 690 2454 aiio
704 2404 781 2455 modo
795 2405 905 2455 alieuius
919 2403 957 2454 rai
970 2403 1055 2454 ideam

113 2479 249 2532 ostendere
266 2494 421 2545 possumus,
442 2495 519 2544 quam
535 2482 592 2531 eius
606 2480 783 2531 definitionem
802 2479 926 2531 tradendo
945 2481 1057 2545 eiusque

112 2555 235 2608 attributa
253 2552 419 2620 explicando?
452 2555 531 2617 Quod
545 2570 626 2621 quum
641 2557 707 2607 cirea
721 2557 769 2606 Dei
782 2556 866 2607 ideam
880 2563 1053 2621 praestemus,

112 2645 165 2683 nou
184 2636 237 2692 est,
257 2629 328 2695 quod
347 2629 421 2682 rerba
440 2629 575 2681 hominum
589 2631 636 2682 Dei
655 2631 738 2683 ideam
752 2632 901 2697 negantium
920 2640 1056 2697 propterea

112 2713 228 2767 tantum,
247 2706 318 2771 quod
328 2706 425 2756 nuliam
435 2706 491 2757 eius
502 2707 639 2772 imaginem
649 2707 675 2757 in
691 2708 794 2759 cerebro
811 2706 920 2758 formare
934 2711 1057 2773 possunt,

113 2780 433 2836 moramnobisiuiiciant.
662 2782 667 2794 “

163 2866 263 2918 Deinde
281 2867 437 2928 notandum,
462 2865 533 2932 quod
551 2867 694 2928 Car-tesius,
719 2868 765 2919 ulai
783 2869 844 2919 uitat
861 2869 961 2920 axioma
980 2872 1006 2920 l.
1025 2865 1058 2919 ad

114 2942 316 3006 ostendendum,
337 2942 407 3008 quod
417 2943 519 2994 realites
529 2941 653 2994 obieetira
663 2942 734 2994 ideae
744 2944 792 2995 Dei
802 2957 848 2995 nee
858 2944 1000 2996 formaliter
1011 2956 1057 2996 neo

115 3020 260 3072 eminenter
268 3020 295 3069 iu
305 3018 380 3069 nobis
391 3021 551 3080 continetur,
571 3020 710 3084 supponit,
729 3020 1058 3085 unumquemqueseirese

115 3110 167 3149 non
183 3109 240 3148 esse
255 3094 428 3147 substantiam
441 3094 583 3155 infinitam,
602 3095 651 3146 hoe
670 3101 724 3157 est,
743 3110 846 3148 summe
860 3097 1057 3164 intelligentem,

116 3187 218 3224 summe
228 3176 434 3238 potentemeto.,
455 3170 525 3237 quod
534 3184 680 3237 supponere
690 3179 786 3238 potest.
822 3172 875 3235 Qut
885 3174 955 3224 enim
969 3174 1019 3225 soit
1031 3185 1058 3225 sa

116 3249 242 3313 rapum,
260 3247 396 3300 scitetiam
406 3261 434 3299 se
444 3246 574 3299 demultis
584 3246 718 3311 dubitare,
738 3248 881 3300 ueeomnia
896 3248 965 3302 clare
978 3255 1005 3303 et
1017 3248 1060 3302 di·

116 3324 209 3375 stinole
219 3323 370 3391 intelligere.

169 3416 287 3482 Denique
296 3415 454 3481 notandum,
473 3416 544 3482 quod
553 3431 583 3471 er
593 3417 644 3470 def.
655 3419 681 3470 8.
693 3419 771 3471 etiam
780 3417 848 3471 clare
856 3425 992 3485 sequatur,
1005 3429 1058 3471 non
