2316 3786
82 39 1155 380 q

517 469 641 521 eresi.
1012 476 1053 535 39

121 642 431 711 mhiplmesneos,
451 640 612 694 sednnmm
623 659 720 706 unum,
741 653 771 696 ut
783 662 888 714 propos.
903 653 943 702 ll.
958 652 1050 716 liuius,

123 720 203 771 et'nll„
209 729 276 786 perte
286 727 402 771 nostrae
412 717 570 784 appendicis
579 733 635 785 esp.
646 722 673 775 2.
684 721 751 774 clare
761 722 979 778 demonstramus.

121 853 261 919 Ptoios,
282 856 359 917 Vll.
409 855 472 915 Dei
495 855 653 917 existentia
670 858 888 920 demonstratur
906 863 994 922 etiem
1012 884 1051 924 ex

141 971 180 1023 eo,
198 953 278 1031 quod
297 971 366 1011 nos
385 949 448 1028 ipsi
467 948 617 1009 habentes
635 951 700 1010 eius
718 952 816 1012 ideam
836 954 1010 1014 existamus,

149 1069 259 1121 SOEOL.
278 1067 328 1119 Ad
337 1066 414 1116 hane
423 1063 628 1131 propositionem
638 1064 864 1120 demonstrandum
871 1069 1053 1122 assumitcnr-

110 1145 236 1197 tesiusieee
246 1145 305 1196 duo
316 1142 472 1202 axiomata,
491 1154 584 1206 nempe
602 1142 625 1192 l.
641 1141 719 1205 Quod
726 1148 818 1210 potest
829 1145 932 1210 efficere
941 1145 972 1195 r'd
979 1146 1053 1211 quod

108 1226 174 1271 nain
187 1228 226 1273 eri
237 1226 298 1273 eice
315 1217 477 1285 difficilius,
492 1220 583 1283 potent
599 1220 680 1268 etiam
698 1220 800 1284 efficere
819 1221 848 1270 id
864 1220 937 1285 quod
951 1223 1049 1275 minus.

107 1298 128 1351 2·
140 1297 216 1349 Heius
227 1303 270 1349 est
285 1312 392 1347 creare
405 1295 462 1343 eive
476 1293 543 1359 (per
556 1309 603 1344 oe.
619 1294 674 1358 10.)
693 1310 848 1347 conservare
862 1298 1048 1362 cunctantium,

107 1376 312 1439 pannium
320 1376 387 1422 siue
394 1370 575 1435 proprietates
583 1371 755 1420 substantiae.
779 1370 884 1433 Quibus
893 1371 956 1436 quid
965 1373 1049 1439 signi-

106 1448 164 1503 leue
176 1452 236 1504 relit
254 1447 368 1501 neseio.
408 1444 474 1495 Nem
493 1443 556 1509 qnid
573 1444 660 1506 facile,
679 1445 743 1510 quid
761 1460 819 1498 vero
838 1446 940 1498 difficile
957 1446 1050 1500 vocati

106 1526 230 1580 fflenim
241 1525 393 1582 absolute,
414 1519 460 1572 sed
470 1527 570 1571 tentum
584 1528 703 1588 respectu
719 1522 908 1587 ceuseesocele
923 1531 968 1574 eut
980 1524 1050 1590 diffl-

110 1604 255 1656 rilelicitnr:
276 1601 351 1653 adeo
362 1603 395 1648 ut
406 1611 458 1647 uno
468 1595 591 1647 eteoclem
600 1598 742 1648 reseodem
752 1605 867 1664 ternpore
877 1607 995 1665 respectu
1005 1600 1049 1650 di-

112 1690 212 1732 metrum
223 1691 378 1732 causarum
391 1673 474 1724 facilis
485 1679 509 1722 et
520 1672 628 1724 difficilis
639 1673 689 1724 diei
698 1675 820 1739 possit')
855 1675 953 1725 Verum
967 1675 989 1726 si
1004 1674 1048 1725 ille

112 1752 195 1807 deciis
213 1762 310 1813 vocat,
335 1764 408 1817 quoe
423 1762 516 1813 magno
531 1747 631 1810 lobnro,
652 1748 736 1800 facilis
750 1756 851 1811 eutem,
871 1764 938 1815 queo
953 1749 1048 1801 minori

110 1829 173 1883 libore
182 1832 325 1884 abeodem
338 1841 420 1879 curren
431 1824 523 1875 confici
534 1832 641 1887 queunt,
661 1831 690 1875 ut
700 1840 738 1876 ex.
750 1841 787 1890 gr.
800 1827 851 1885 rie,
872 1840 938 1889 quoe
948 1825 1049 1876 sustol-

109 1904 146 1958 lere
160 1917 241 1975 potest
261 1909 298 1957 50
315 1904 417 1962 libros,
438 1900 518 1965 duplo
535 1899 633 1949 facilius
648 1901 783 1952 sustollere
797 1902 891 1966 poterit
906 1903 938 1954 25
953 1901 1045 1959 libros;

113 1990 270 2036 ueneritseue
281 1983 395 2032 axioma
411 1976 530 2027 obsolute
543 1989 645 2036 rerum,
665 1990 712 2027 nee
726 1991 754 2027 ex
769 1991 798 2027 eo
814 1977 840 2027 id
853 1976 924 2042 quod
938 1977 1049 2028 intendit

115 2059 265 2112 demonstrare
276 2056 395 2126 polerit.
419 2055 485 2103 Nom
496 2051 541 2101 ubi
552 2053 599 2101 nit:
610 2051 637 2101 Sr
648 2054 769 2103 dulmene
780 2055 832 2102 nim
841 2055 976 2118 meipsum
986 2067 1049 2101 oon-

113 2139 223 2196 struendi,
247 2139 341 2187 eifum
363 2132 491 2180 tenderem
509 2130 560 2176 rum
577 2131 643 2178 milri
659 2129 740 2179 doridi
759 2144 846 2178 ornnes
860 2129 1048 2194 perfectiones,

120 2226 168 2272 quoe
175 2217 231 2262 uiti
239 2215 345 2263 demut
356 2207 434 2271 (quin
444 2204 543 2255 scilicet
552 2219 602 2254 non
614 2212 709 2255 tontum
720 2211 875 2270 potestatem
885 2203 1047 2268 requirunt);

122 2285 157 2349 ipsi
165 2289 336 2344 enumerem,
355 2280 430 2347 quod
440 2280 520 2337 rime.
536 2295 600 2344 quus
609 2280 730 2345 impendo
741 2279 773 2330 ud
783 2294 823 2330 me
834 2279 1048 2341 conservandum,

117 2366 251 2424 possentdis
261 2365 349 2431 pluro
365 2359 445 2422 longe
462 2356 562 2406 facilius
576 2357 690 2415 efficere,
711 2357 759 2406 nisi
774 2357 805 2406 iis
820 2355 948 2422 eguissem
962 2355 994 2406 nd
1007 2370 1050 2408 me

114 2442 313 2492 consecrandum:
351 2434 401 2486 sed
426 2447 505 2499 quom
528 2432 571 2482 diu
591 2434 622 2482 ils
642 2441 701 2482 utor
720 2432 752 2482 od
769 2446 810 2483 rne
833 2432 1048 2496 conservandum,

112 2528 160 2580 nego
169 2532 205 2566 me
214 2531 296 2583 posse
308 2526 358 2564 eas
374 2507 526 2573 impendere
540 2508 571 2558 od
585 2509 633 2559 ulio
649 2509 766 2573 quamtis
780 2508 891 2559 faciliore
906 2510 1049 2572 efficienda,

113 2593 251 2642 ntinnostro
262 2585 392 2652 exemplo
405 2584 473 2634 eluro
483 2583 567 2635 videre
581 2592 629 2635 cst.
666 2586 718 2634 Nee
734 2584 909 2635 difficultatem
926 2585 1006 2645 tollit,
1027 2587 1050 2635 si

113 2666 202 2728 linior,
221 2667 308 2733 qnod,
331 2675 421 2727 quum
431 2660 481 2709 sim
491 2674 532 2709 res
542 2662 671 2725 cogimus,
690 2662 833 2711 necessario
844 2660 963 2711 deberem
974 2663 1049 2722 scire,

112 2756 160 2791 unm
175 2758 218 2807 ego
236 2746 264 2792 in
287 2754 333 2791 me
356 2735 535 2787 conservando
555 2750 645 2785 ornnes
663 2751 734 2786 ineos
753 2737 818 2786 vires
837 2737 1000 2802 impendum,
1025 2743 1051 2786 et

112 2818 232 2869 etiamnum
243 2832 275 2869 co
287 2819 323 2867 sit
335 2826 428 2871 ceusu,
446 2826 493 2860 cur
502 2825 548 2875 ego
558 2811 619 2861 mihi
630 2827 681 2860 non
692 2812 750 2861 dem
761 2820 858 2862 cetoros
867 2813 1049 2878 perfectiones.

113 2893 162 2944 ,iem
171 2898 369 2960 (praeterquam
382 2886 455 2953 quod
465 2885 497 2936 de
507 2886 552 2936 hnc
562 2901 588 2937 re
598 2888 648 2936 inm
659 2902 710 2937 non
721 2887 877 2953 disputetur,
894 2889 939 2940 sod
950 2896 1050 2939 tentum

115 2971 224 3031 quomodo
244 2986 275 3021 er
289 2969 346 3018 hoo
360 2965 491 3016 asiomute
506 2963 645 3012 necessitas
658 2963 737 3013 huius
751 2964 936 3029 propositionis
955 2979 1052 3029 sequu-

115 3047 154 3109 fu)
162 3047 182 3097 si
190 3046 215 3097 id
224 3047 341 3102 scirem,
363 3039 557 3099 meioressem,
578 3045 603 3089 et
612 3037 676 3090 forle
687 3040 796 3090 maiores
805 3040 872 3091 vires
882 3042 1049 3106 requirerem,

115 3132 174 3182 onem
183 3137 246 3189 quas
255 3119 363 3178 habeo,
385 3113 418 3165 nd
429 3127 471 3164 me
482 3112 508 3162 in
517 3114 606 3164 moiori
616 3114 658 3165 ifle
668 3115 825 3180 perfectione
835 3115 1049 3169 conservandum.

118 3230 264 3246 *a

153 3287 169 3340 ’)
184 3288 215 3334 lle
225 3287 275 3333 alia
285 3279 404 3337 exempla
418 3291 533 3335 quaeras,
552 3291 608 3337 eope
623 3280 756 3336 esernplum
770 3292 883 3334 araneae,
903 3289 964 3335 quse
979 3277 1051 3324 telem

118 3338 240 3401 edicone,
261 3355 342 3403 quem
357 3338 469 3384 nominee
480 3350 525 3381 non
536 3338 579 3382 nisi
589 3338 728 3384 difficillime
739 3344 856 3385 texerent:
875 3337 981 3382 homines
991 3348 1052 3382 eon-

120 3404 209 3461 irqmnr
219 3406 330 3464 plurime
341 3397 461 3445 facillime
472 3396 568 3449 faciunt,
581 3410 641 3453 pune
649 3399 710 3444 forte
719 3399 809 3458 sepelis
819 3394 976 3458 impossibilia
987 3402 1053 3450 tunt·
