2316 3786
106 485 149 548 24
255 482 490 533 ΡΒΙΝῦΙΡΙθΙὶῑΙΜ
511 482 746 531 rmcosol‘nnu
764 481 897 528 CARTEB.

106 660 463 732 gatnrnlhllominuslnlras
475 672 552 714 rocos
564 672 713 727 erumpere:
732 658 837 721 dubito,
856 659 962 724 com,
982 674 1052 727 erga

105 757 174 793 aum.

158 818 215 869 Hac
236 816 315 883 igitur
336 814 437 867 detecta
452 811 558 866 scrinia
590 810 670 865 simul
686 810 764 864 etiam
785 810 885 863 invenit
905 810 1051 865 omniun

107 892 320 945 scientiarum
333 888 590 951 tundamentum,
610 886 854 940 acetiamcmuium
863 885 1051 939 aliarumrarl-

109 975 191 1020 tutum
201 980 350 1021 mensuram
358 979 388 1016 ac
397 965 513 1031 regulam
519 981 527 1026 ;
545 964 657 1017 scillcet:
677 962 812 1029 Quicquid
823 962 1052 1015 ramctmacdt-

107 1048 202 1096 atincte
210 1045 360 1110 perception·
368 1056 449 1107 quant
458 1040 531 1091 istud
545 1055 653 1091 oerum
670 1045 719 1090 est.

59 1138 63 1145 ⁸
159 1120 268 1172 Nullum
280 1130 340 1170 vero
355 1116 425 1168 aliud
439 1130 519 1183 quam
531 1114 582 1169 hoc
594 1115 761 1168 scientiarum
774 1113 973 1167 llnudameutum
990 1128 1054 1169 esse

106 1210 199 1264 posse,
218 1195 282 1246 satis
290 1207 422 1259 superque
431 1192 514 1259 liquet
521 1206 551 1244 ca
564 1190 791 1259 praecedentibus3
811 1190 936 1257 quonlam
948 1190 1051 1259 relique

108 1273 196 1324 omnia
205 1269 327 1322 laeillimo
336 1269 464 1335 negotioa
477 1267 553 1321 nobis
565 1268 593 1319 in
606 1265 717 1320 dubium
730 1267 841 1319 revocari
855 1274 981 1333 possunt,
999 1265 1063 1325 hoc,-

111 1354 199 1399 uutem
208 1359 382 1411 nequaquam.
418 1344 645 1397 verumenimvero
655 1344 722 1394 circa
734 1342 784 1395 hoc
798 1342 998 1394 fundamentum
1005 1341 1051 1396 lrlo

107 1422 225 1489 apprime
234 1420 390 1483 notandum,
409 1420 641 1474 hancoratiouem:
661 1419 768 1479 dubito,
786 1422 889 1484 cogito,
911 1434 977 1484 argo
991 1434 1050 1471 ruat

110 1496 433 1565 nonessesyllogismum‚
451 1497 542 1562 inquo
551 1496 633 1546 maior
641 1495 783 1561 propositio
793 1500 833 1546 est
841 1495 948 1546 omissa.
983 1495 1051 1549 Nam

109 1574 134 1626 si
150 1572 316 1640 syllogismus
334 1579 416 1634 esset,
441 1572 598 1639 praemissae
615 1569 736 1623 clariores
751 1577 778 1623 ct
795 1571 909 1622 notiores
926 1569 1054 1624 deberent

112 1663 180 1711 esse,
191 1663 269 1714 quam
284 1650 340 1715 ipsa
350 1648 496 1700 conclusio:
508 1663 574 1714 ergo
582 1663 654 1708 auem
669 1646 785 1712 adeoque
794 1663 845 1713 ego
853 1661 911 1696 aum
920 1660 973 1698 non
983 1654 1055 1700 esset

112 1726 226 1793 primum
236 1726 321 1775 omnis
331 1725 485 1791 cognitionis
495 1723 705 1785 fundamentum,
725 1728 904 1789 praeterquam
918 1722 989 1788 quod
999 1738 1053 1776 non

110 1806 257 1853 essctoerta
266 1801 413 1862 conclusio;
432 1816 492 1852 num
502 1801 559 1852 cius
572 1799 665 1851 veritas
679 1798 836 1864 dependeret
849 1796 882 1849 ab
897 1800 1054 1852 universali-

111 1876 163 1929 ltus
172 1877 331 1943 praemissis,
342 1890 408 1942 quas
418 1876 517 1928 dudum
526 1876 553 1926 in
563 1873 672 1927 dubium
682 1881 771 1926 auctor
779 1881 947 1926 reuocauerat.
974 1876 1055 1928 ldeo-

112 1965 164 2019 que
177 1955 281 2017 cogito,
301 1968 433 2018 ergcmm
451 1952 527 2003 unica
536 1958 576 2003 est
583 1952 740 2018 propositio,
759 1963 825 2017 quae
840 1949 914 2001 huic:
934 1966 1056 2018 egeram

112 2031 234 2094 cogitem
243 2029 395 2095 aequivalet.

165 2104 306 2157 Sciendum
323 2119 414 2172 porro,
442 2110 472 2155 ut
494 2103 674 2156 contusionem
695 2105 722 2155 in
745 2101 916 2169 sequentihus
941 2103 1056 2155 vltemus

112 2181 192 2248 (clare
202 2182 271 2233 cuim
281 2196 311 2233 ac
320 2182 441 2233 distincte
451 2194 491 2232 res
500 2180 665 2246 percipienda
674 2180 740 2244 est),
759 2179 838 2245 quid
851 2178 963 2230 simus.
987 2181 1055 2231 llam

112 2257 162 2308 hoc
175 2257 241 2309 clere
255 2265 281 2308 ct
293 2258 414 2309 distinete
427 2257 558 2309 intellecto
573 2263 687 2308 nostram
702 2257 840 2307 essentiam
853 2268 914 2306 cum
927 2255 986 2307 aliis
1001 2269 1055 2307 non

113 2332 313 2384 conlaudemus.
350 2336 384 2385 Ut
392 2335 471 2399 igitur
479 2333 507 2384 il
515 2348 545 2385 ex
552 2331 766 2401 praecedentibus
775 2330 898 2392 deducat,
917 2332 956 2383 sio
970 2333 1057 2399 pergit

113 2414 202 2459 noster
210 2415 308 2459 auctor.

165 2484 263 2536 Omnes
272 2498 337 2549 quus
347 2484 408 2534 olim
418 2483 450 2535 de
460 2498 488 2535 se
498 2483 589 2536 habuit
597 2484 765 2549 cogitationes
774 2484 802 2535 in
814 2483 966 2535 memoriam
979 2499 1056 2536 reso·

115 2565 170 2620 eat.
190 2565 235 2610 ut:
255 2561 368 2611 animam
386 2574 460 2610 suam
475 2574 531 2610 esse
545 2560 665 2625 exiguum
679 2559 743 2624 quid
755 2560 837 2610 instar
849 2559 918 2610 tenti
931 2560 971 2611 vel
986 2560 1056 2627 iguis

113 2634 154 2686 rel
163 2635 275 2688 aetheris
284 2634 454 2686 crassioribus
462 2636 503 2686 sui
513 2635 627 2701 corporis
636 2634 754 2700 pertibus
762 2635 889 2697 inlusum,
901 2640 938 2687 et:
959 2648 1056 2702 corpus

113 2709 165 2762 sibi
175 2712 264 2762 notius
273 2725 331 2762 esse
340 2726 417 2776 quam
429 2712 555 2771 unimam,
574 2709 690 2777 illudque
700 2725 715 2761 a
724 2725 752 2763 se
761 2712 856 2763 clarius
865 2724 895 2763 ac
905 2711 1056 2762 distinctius

112 2786 222 2854 percipi,
258 2787 346 2853 Atque
365 2785 428 2837 haec
446 2787 532 2837 omnin
546 2786 613 2837 clare
626 2801 741 2853 pugnare
755 2800 816 2838 eum
830 2787 862 2838 iis
874 2786 1054 2854 deprehendit,

114 2875 180 2929 quac
190 2861 326 2929 hueusque
336 2863 502 2914 intellexerat.
526 2864 592 2913 Num
601 2862 633 2915 de
642 2877 689 2915 suo
699 2877 805 2929 corpore
815 2862 934 2915 dubitare
942 2868 1055 2930 poterat,

114 2952 167 2989 uon
177 2944 265 2989 autem
274 2937 306 2990 de
315 2953 364 2990 suo
372 2941 485 2991 essentia
494 2945 622 3004 quatenus
631 2938 767 3005 cogitabat.
803 2938 893 3002 adde.
911 2938 1056 3005 quodhaec

114 3028 200 3079 neque
211 3012 278 3065 clere
287 3029 372 3079 neque
382 3015 501 3066 distinete
512 3015 682 3081 percipiebat,
702 3028 732 3067 ao
745 3022 935 3081 consequenter
947 3029 978 3067 eu
991 3028 1056 3068 suae

114 3089 230 3142 methodi
244 3091 402 3157 praescripto
413 3097 535 3156 tanquam
544 3092 608 3143 lulsa
618 3092 723 3143 relicere
731 3089 851 3143 debebat.
888 3089 963 3144 Unde
972 3106 1056 3158 quum

115 3165 177 3218 talia
186 3166 218 3218 ad
227 3181 265 3228 se,
285 3173 414 3232 quotenus
424 3167 560 3233 hucusque
568 3167 619 3219 sibi
628 3167 747 3233 cognitus
757 3174 820 3229 erat,
839 3168 1058 3234 pertiucralntcl·

114 3240 195 3309 ligere
204 3257 256 3294 nou
266 3249 369 3310 posset,
387 3245 471 3309 pergit
480 3243 589 3296 ulterius
598 3245 741 3309 inquirere,
761 3243 825 3309 quid
839 3242 1059 3298 adsuamcsseu-

116 3318 179 3369 tiam
195 3320 299 3386 proprie
316 3319 457 3386 pertineat,
477 3320 547 3386 quod
560 3321 586 3371 in
601 3319 711 3370 dubium
724 3334 841 3371 revocare
856 3335 909 3372 nou
925 3328 1056 3388 potuerat,

116 3392 187 3446 stob
196 3395 268 3462 quod
276 3410 351 3447 suam
361 3396 520 3448 existentium
534 3395 685 3448 concludere
699 3394 847 3463 cogebutur.
883 3396 956 3449 Tclia
969 3405 1057 3450 autem
